2990 4522
658 276 660 291 ,
739 212 780 278 30

175 413 307 480 Nichts
340 413 461 479 Neues
490 414 591 480 kann
618 415 688 478 mir
717 416 824 482 mehr
851 417 1013 497 geboten
1040 420 1208 500 werden,
1243 422 1351 487 denn

150 541 316 586 uarum
351 522 465 586 sollte
500 521 559 587 ich
593 541 632 586 es
663 522 769 586 nicht
796 525 915 616 schon
948 526 1115 590 konnen?
1147 529 1210 591 vel:
1242 529 1350 594 denn

176 627 364 714 natiirliclr
387 629 510 693 kenne
532 629 592 692 ich
623 648 661 692 es
690 629 822 706 schum
852 633 949 696 etsie
971 634 1003 696 in
1025 625 1160 717 reliquis,
1202 635 1295 714 Nam,
1318 639 1350 701 si

176 735 291 818 quibus
311 735 378 798 aliis
396 735 479 812 locis,
500 739 582 798 certe
598 735 646 799 bis
660 737 864 817 primigeniae
877 741 1100 820 paralacticae,
1122 761 1204 823 quae
1219 743 1350 821 dicitur,

179 843 416 906 enuntiatorum
439 843 696 906 conformationis
717 844 847 923 vestigia
867 850 942 910 sunt
963 849 1143 929 conspicua.
1179 849 1231 914 Ad
1251 851 1347 931 origi-

176 948 300 1013 nariam
321 967 395 1012 vero
418 949 493 1028 quin
517 949 691 1030 particulae
711 951 774 1012 vim
796 951 1048 1034 investigandam
1069 956 1141 1038 plus
1157 956 1230 1019 inde
1246 976 1345 1038 qnam

177 1075 216 1119 ex
236 1054 303 1120 aliis
325 1053 476 1136 exemplis
495 1054 589 1135 plane
607 1055 809 1138 hypotactico
828 1059 925 1122 modo
940 1061 1143 1126 conformatis
1165 1065 1232 1125 erui
1254 1082 1348 1144 posse

176 1181 288 1240 nemo,
317 1161 445 1242 opinor,
480 1160 616 1242 negabit.
680 1161 821 1240 Etenim,
852 1168 888 1228 ut
916 1167 1011 1230 etiam
1044 1170 1140 1248 atque
1176 1169 1273 1232 etiarn
1313 1171 1348 1234 id

177 1267 476 1346 commonefaciam,
502 1267 588 1332 initio
617 1271 844 1350 paralactieam
876 1272 1031 1336 rationem
1062 1273 1233 1338 obtinuisse
1262 1276 1348 1340 inter

177 1376 259 1439 viros
293 1374 516 1455 grammaticos
545 1377 678 1438 constat.
731 1375 819 1439 Talia
849 1380 956 1440 antem
990 1379 1091 1442 multo
1122 1380 1214 1459 plura
1244 1401 1345 1462 qnam

177 1480 268 1545 attuli
296 1481 439 1562 exempla
469 1500 542 1544 cum
560 1484 686 1545 servata
706 1483 778 1558 sint,
800 1485 922 1545 etcum
944 1482 1022 1547 haec
1045 1486 1221 1551 testimonia
1241 1489 1273 1548 et
1294 1505 1343 1562 ea,

177 1607 261 1672 quae
288 1587 329 1650 de
356 1587 464 1651 nativa
492 1587 585 1650 huius
613 1589 744 1651 voculae
765 1589 795 1650 vi
823 1588 997 1652 ratiocinati
1017 1608 1142 1666 sumus,
1171 1595 1238 1655 tam
1262 1593 1343 1654 miro

178 1693 274 1758 modo
295 1694 376 1756 inter
396 1713 430 1756 se
450 1694 656 1771 conveniant,
678 1695 755 1758 nihil
776 1694 902 1759 obstare
922 1699 1071 1778 apparot,
1093 1699 1262 1778 quominus
1282 1698 1345 1762 boc

168 1800 275 1864 'modo
301 1801 397 1864 istum
423 1819 517 1864 usum
547 1800 588 1863 ad
623 1819 721 1864 unam
754 1803 910 1866 rationem
941 1802 1121 1866 referamus.
1176 1803 1219 1866 Ut
1250 1805 1346 1884 igitur

178 1907 313 1971 breviter
342 1906 630 1987 eomprehendam,
660 1907 743 1971 hanc
774 1908 991 2000 condicionem
1021 1910 1114 1973 fuisse
1144 1911 1346 1992 originariam

179 2033 237 2096 ego
259 2013 431 2080 concludo:

261 2144 444 2210 Enuntiatio
465 2142 613 2224 primaria
633 2141 720 2206 initio
742 2142 885 2206 absolute
900 2144 1003 2224 posita
1016 2145 1084 2226 ipsa
1098 2145 1156 2208 sibi
1170 2146 1348 2209 sufficiebat

178 2272 282 2336 neque
303 2252 345 2316 ad
366 2249 556 2316 sententiam
579 2248 801 2330 complendam
823 2251 977 2315 enuntiati
999 2251 1347 2332 subiunctiindigebat;

178 2362 210 2426 id
229 2362 324 2437 enim,
346 2358 432 2441 quod
454 2355 727 2438 subsequebatur,
745 2355 822 2418 nihil
844 2355 903 2418 nisi
925 2376 1037 2420 causas
1059 2357 1223 2422 afferebat.
1264 2359 1349 2422 lilius

180 2486 256 2533 vero
279 2485 388 2529 sensus
416 2468 453 2527 ut
480 2463 688 2528 affirmativus
720 2462 912 2539 efficeretur,
942 2482 1007 2526 non
1037 2483 1154 2540 unam,
1183 2465 1238 2530 sed
1268 2465 1350 2528 duas

182 2571 434 2656 repudiationeS,
467 2590 549 2653 quae
581 2568 715 2631 invicem
751 2572 816 2632 tese
846 2567 1008 2646 tollerent,
1040 2570 1192 2652 principio
1223 2571 1349 2635 infuisse

183 2678 425 2744 existimandum
459 2679 515 2740 est.
570 2675 654 2740 Nam
688 2675 766 2738 tales
800 2675 945 2756 periodos
973 2674 1022 2756 (ut
1050 2676 1111 2741 hoc
1140 2679 1237 2741 verbo
1264 2679 1348 2760 utar)

183 2805 307 2868 semper
334 2804 406 2848 cum
438 2783 467 2846 vi
495 2783 634 2864 quadam
658 2780 833 2845 affirmatas
856 2801 923 2845 esse
953 2802 1047 2846 nemo
1070 2784 1201 2864 ignorat.
1255 2785 1348 2860 Quod

184 2895 292 2956 autem
313 2889 484 2973 posteriore
505 2867 610 2952 aetate
633 2889 808 2952 enuntiatio
831 2908 1015 2970 praegressa
1036 2909 1131 2970 saepe
1153 2910 1253 2954 unarn
1279 2895 1350 2954 tau·

184 3002 256 3063 tum
276 2997 527 3079 repudiationem
536 2995 673 3073 exhibet,
692 2995 808 3058 scilieet
828 2997 902 3076 quia
923 2997 1023 3058 altera
1041 2996 1256 3060 enuntiatione
1276 2996 1349 3060 sub-

185 3105 294 3170 iuncta
315 3104 458 3180 infertur,
482 3102 555 3166 inde
577 3120 642 3164 non
666 3105 713 3164 est
734 3101 951 3165 coniciendum
975 3101 1014 3163 de
1036 3100 1253 3184 antiquissima
1276 3122 1349 3166 con·

186 3210 391 3287 iorrnatione,
413 3229 431 3272 e
452 3228 517 3292 qua
541 3207 698 3272 sementia
727 3207 878 3289 primaria
906 3206 974 3270 sola
1001 3227 1058 3288 per
1088 3227 1121 3270 se
1148 3209 1259 3272 eodern
1289 3209 1349 3272 iere

187 3337 319 3382 munere
351 3315 558 3398 fungebatur,
589 3334 653 3396 quo
682 3318 792 3395 postea
824 3318 892 3377 tota
922 3314 1076 3396 periodus.
1129 3315 1349 3380 Enuntiatione

187 3425 396 3501 subsecutiva,
418 3441 504 3512 quae
522 3421 659 3503 aliquem
683 3421 918 3484 coniunctivum
933 3418 1170 3501 (dubitativum)
1188 3421 1348 3504 complexa

189 3531 306 3612 aquia
329 3549 406 3594 voce
435 3529 557 3594 initium
580 3526 729 3601 faciebat,
758 3526 949 3609 quibusnam
981 3527 1155 3592 rationibus
1187 3529 1349 3612 repudiata

189 3637 241 3701 illa
263 3636 437 3718 repudiatio
460 3635 731 3717 comprobaretur,
754 3635 903 3714 negativo
923 3654 1019 3700 sensu
1042 3637 1262 3717 quaerebatur.

272 3767 395 3847 Atque,
417 3769 450 3830 ut
471 3765 558 3830 haec.
572 3764 741 3842 illustrem,
762 3765 804 3830 ad
825 3766 1005 3848 exemplum
1028 3786 1065 3829 ex
1088 3767 1235 3831 Plautina
1256 3768 1349 3830 Persa
