2990 4522
706 297 748 368 bi

154 509 214 576 Nos
236 480 367 593 quoque
389 505 586 590 parataotieo
613 505 709 569 modo
737 490 841 569 dicere
868 521 1053 587 possumus:
1095 503 1253 570 Nemand
1281 505 1321 572 ist

154 635 212 680 ron
242 635 286 680 so
309 615 421 680 restem
444 611 639 688 Charaktem
673 612 760 677 donn
789 630 912 675 warum
938 609 1028 675 sollte
1055 631 1090 676 er
1119 611 1206 675 nicht
1227 662 1234 676 .
1258 661 1265 676 .
1288 615 1322 677 J?

154 721 391 787 Demonstratur
412 723 523 784 autem
544 718 680 800 aliquid,
713 718 799 800 quod
821 719 854 781 in
875 722 982 782 mente
1004 721 1148 783 versatur
1176 721 1209 783 et
1234 720 1322 802 quod

157 828 251 894 iusim
266 828 438 910 explanare
448 825 700 908 supersedemus
713 824 822 906 Atque
831 824 1012 888 huiusmodi
1024 825 1148 889 dicendi
1155 825 1322 904 rationem,

130 912 269 1018 'quippe
290 951 375 1015 quae
395 932 430 995 in
450 930 515 996 aori
536 949 682 995 sermone
703 931 872 995 commoda
894 934 990 1010 esset,
1021 931 1117 996 etiam
1139 931 1322 997 hominibus

154 1040 271 1106 Latinis
300 1057 375 1102 usus
399 1038 491 1102 fuisse
520 1037 761 1119 frequentissimi
787 1035 950 1102 verisimile
970 1040 1058 1120 puto.
1101 1037 1221 1103 Verum
1248 1043 1321 1102 eum

155 1145 385 1223 suborduatio,
412 1163 511 1226 quem
539 1162 707 1221 vocemus,
734 1143 839 1208 valere
860 1143 1029 1226 inciperet,
1055 1143 1148 1210 huius
1173 1144 1220 1208 rei
1245 1161 1324 1209 oon-

157 1252 236 1318 dieio
257 1251 300 1316 sie
320 1253 366 1316 est
386 1253 593 1328 commutata,
616 1253 652 1314 ut
667 1250 1054 1320 enuntiatiosubsecutiva
1068 1251 1134 1321 iam
1149 1250 1192 1318 ad
1209 1269 1321 1316 rocem

156 1358 238 1422 illam
260 1357 543 1422 demonstrativam
563 1355 671 1422 referri
692 1358 789 1439 atque
810 1356 885 1424 inde
901 1357 1040 1442 pendere
1054 1357 1222 1426 videretur.
1257 1355 1322 1426 Nos

155 1467 262 1534 autem
283 1464 348 1530 istis
366 1464 442 1528 locis
464 1463 540 1545 qaia
560 1482 595 1528 so
617 1462 689 1530 dass
710 1462 798 1530 nicht
818 1461 1005 1551 plerumque
1028 1463 1250 1539 convertimus.

233 1581 299 1660 Sed
319 1613 490 1678 pergamus
513 1593 659 1676 exempla
679 1593 742 1658 buo
763 1593 941 1677 spectantia
961 1593 1083 1658 afferre

236 1724 329 1807 Capi„
351 1723 413 1788 406
432 1744 521 1807 sqq:
560 1723 651 1788 Haeo
679 1730 773 1804 pater
795 1725 924 1804 quando
945 1725 1039 1804 sm’et,
1069 1731 1104 1790 at
1121 1725 1227 1804 saeris
1253 1726 1325 1790 ani·

155 1837 262 1896 motas
283 1851 359 1910 erpa
379 1851 470 1895 suam
485 1831 594 1912 filiam
616 1836 780 1912 atquem,
805 1851 976 1912 rtumqaam
1006 1832 1069 1898 erit
1097 1839 1163 1898 tam
1190 1851 1321 1908 avarus,

161 1937 238 2018 quia
261 1943 291 2002 te
307 1943 422 2019 pratas
445 1939 568 2002 emittat
589 1957 695 2001 mana.

236 2065 328 2134 Cure.
348 2067 411 2131 em
431 2085 519 2151 sqq:
562 2067 628 2131 Neo
656 2066 825 2147 qaisquam
860 2067 903 2133 sit
935 2075 1000 2133 tam
1032 2070 1201 2150 opulentae
1226 2118 1233 2132 .
1254 2117 1261 2131 .
1285 2118 1321 2134 ..

157 2193 213 2239 nee
234 2193 302 2240 cam
324 2180 416 2239 tanta
436 2174 557 2256 pieria,
581 2174 657 2255 qaia
682 2173 787 2252 eadat,
809 2174 887 2254 qaia
908 2175 1014 2256 eapite
1035 2177 1133 2242 sistat
1153 2177 1187 2240 in.
1208 2179 1263 2240 m'a
1283 2175 1324 2241 de

156 2281 280 2350 semita.
639 2293 640 2296 ’

235 2409 297 2474 Mil.
317 2409 395 2492 glor.
425 2411 483 2475 741
498 2431 570 2493 sq:
633 2409 717 2474 Nam
758 2409 871 2492 hospes
901 2411 1013 2476 nullas
1052 2417 1118 2476 tom
1153 2412 1188 2476 ia
1223 2413 1323 2478 amici

153 2515 329 2597 hospitium
350 2515 473 2584 devorti
488 2523 596 2597 potest
615 2517 694 2598 quia
716 2516 771 2581 abi
794 2516 934 2584 triduom
953 2517 999 2584 ibi
1014 2518 1195 2587 continuem
1205 2518 1324 2600 faerit,

158 2623 225 2688 iam
249 2622 380 2688 odiosa-s
401 2623 470 2688 siet.
886 2607 889 2610 ’

238 2727 323 2814 Petu
354 2729 432 2797 690:
494 2727 552 2794 Nu
589 2727 669 2794 mim
703 2735 770 2798 tam
802 2730 932 2809 paroist
960 2730 1039 2810 qaia
1068 2751 1116 2796 me
1145 2730 1186 2796 m
1213 2731 1325 2812 pipeat

149 2833 298 2915 perdere.

237 2963 344 3030 Aulul.
366 2965 442 3028 783:
488 2963 551 3044 Qui
578 2963 668 3029 homo
697 2964 824 3045 eulpam
852 2965 986 3030 admisit
1010 2967 1045 3030 ia
1075 2985 1110 3031 se
1137 2965 1247 3030 mallus
1278 2972 1325 3032 est

155 3077 224 3136 tam
241 3071 340 3150 parat
359 3073 454 3151 preti,
477 3071 556 3152 qaia
574 3077 692 3153 perpet
713 3091 755 3135 se.
796 3071 843 3136 Ita
864 3073 1022 3155 equidem
1053 3071 1175 3138 codices
1196 3075 1228 3137 et
1247 3071 1326 3138 Gm-

152 3178 289 3241 navium
308 3181 434 3242 secutus
452 3178 598 3242 scribam.
620 3177 701 3241 Nam
720 3195 777 3240 our
795 3177 928 3242 Rothius
941 3183 973 3242 et
983 3179 1162 3261 Wegnerus
1172 3177 1325 3244 librorum

152 3301 231 3348 mss.
255 3282 318 3348 fide
339 3284 483 3365 neglecte
505 3285 583 3364 qaia
605 3284 691 3366 prius
710 3283 786 3348 iilud
809 3285 842 3348 in
864 3305 955 3366 quom
966 3289 1173 3364 commutent,
1195 3303 1325 3353 oausam

153 3408 223 3454 non
242 3389 345 3454 video.

244 3520 355 3603 Neque
383 3521 489 3585 minus
514 3521 578 3586 huc
600 3522 759 3604 pertinent
786 3521 865 3585 haee
894 3520 958 3586 duo
986 3519 1145 3604 exempla,
1173 3523 1326 3605 equibus

152 3627 260 3710 prisea
281 3628 498 3694 membrorum
520 3628 716 3693 coordinatio
736 3625 938 3710 aliquantum
954 3631 1123 3710 appareat:
1145 3627 1232 3693 Pers.
1246 3630 1326 3693 557:

154 3733 244 3798 Nam
255 3754 427 3816 numquam
438 3735 606 3816 qm'sqaam
617 3755 757 3800 mearam
771 3735 1013 3816 maioramsait,
1024 3735 1099 3816 qaia
1109 3737 1324 3816 parasitando

149 3839 308 3921 paveram
326 3842 447 3908 ventris
470 3861 556 3907 meos.
592 3842 661 3908 Ubi.
675 3845 708 3907 et
726 3840 906 3908 oonseeutio
927 3843 1107 3923 tempotum
1126 3842 1273 3925 neglecta
1294 3847 1326 3908 et

155 3946 294 4012 adhibiti
316 3948 441 4014 numeri
463 3947 576 4013 diversi
597 3953 672 4014 sunt
693 3947 885 4030 respiciendi.
950 4007 953 4014 .

1085 4051 1103 4106 4
