2990 4522
719 288 740 350 9
852 371 853 374 ,

149 492 245 572 quusi
268 489 503 569 exprobretiost
526 491 697 553 immemori
716 489 850 571 benefici.
886 489 969 570 Quin
992 495 1025 553 tu
1047 508 1110 554 uno
1133 487 1225 554 uerbo
1248 487 1308 566 die,

150 599 230 679 quid
255 605 302 661 est
322 597 405 678 qood
425 619 472 661 me
492 597 599 660 veiis«

236 704 345 768 Talem
355 703 486 786 ellipsim
498 706 577 766 -et
592 722 664 767 eam
677 705 758 766 certe
780 703 973 786 aptissimam
994 704 1026 767 in
1038 703 1102 767 acri
1116 721 1261 768 sermone
1270 735 1308 745 -

154 812 241 876 facile
261 810 387 874 admitti
410 811 551 891 potuisse,
572 809 685 873 similes
705 809 883 892 saepissime
906 809 1080 888 adhibitas,
1103 811 1172 892 quis
1187 813 1234 872 est
1255 808 1309 891 qui

151 921 266 1000 neget?
310 916 393 980 Nihil
413 917 503 997 igitur
525 920 642 997 agunt,
674 917 821 998 quicum
849 917 925 980 aiios
945 919 1013 981 tum
1034 916 1213 981 Benderum
1235 915 1266 996 (l.
1289 915 1308 978 l.

150 1048 180 1107 p.
204 1023 283 1106 rsa)
317 1025 411 1088 secuti
439 1024 523 1088 hanc
553 1023 731 1106 explicandi
762 1025 916 1088 rationem
942 1024 1089 1101 reiciunt,
1122 1043 1193 1088 cum
1231 1022 1308 1104 quin

151 1131 263 1196 eodem
283 1131 374 1194 modo
395 1132 446 1195 hic
467 1150 542 1194 cum
558 1131 743 1213 imperativo
766 1133 861 1212 atque
882 1130 959 1194 alias
980 1131 1012 1194 in
1023 1130 1192 1195 enuntiatis
1212 1129 1308 1194 inter·

152 1239 329 1321 rogantibus
356 1257 429 1302 cum
457 1237 628 1302 indicativo
652 1238 855 1303 coniunctum
885 1237 1089 1302 contendant.
1130 1236 1308 1318 Interroga-

150 1347 226 1409 tivas
254 1365 329 1408 vero
351 1344 523 1427 particulas
552 1364 626 1408 eum
647 1345 834 1429 imperativo
854 1345 994 1426 copulari
1022 1364 1087 1410 non
1114 1363 1203 1427 posse
1224 1345 1308 1407 certe

145 1453 217 1525 satis
236 1455 370 1515 constat.
415 1451 570 1532 Equidem
594 1453 695 1515 facere
718 1471 783 1515 non
804 1471 948 1533 possum,
979 1452 1056 1534 quin
1080 1451 1207 1532 Reisigii
1236 1469 1308 1514 sen-

143 1560 275 1622 tentiam
297 1578 405 1622 meam
428 1558 550 1634 faciam.
590 1558 631 1622 Hi
653 1562 761 1622 autem
783 1557 841 1622 loci
861 1558 999 1622 Plautini
1022 1558 1084 1622 huc
1106 1557 1271 1641 pertinent.

230 1666 322 1729 Curc.
346 1666 405 1728 111
429 1686 476 1746 sq.
519 1665 605 1727 Pers.
626 1665 701 1740 790;
732 1665 801 1729 804.
838 1665 951 1730 Pseud.
976 1666 1063 1730 1016.
1098 1664 1213 1730 Baccb
1235 1663 1306 1728 276.

141 1773 324 1836 Trinummo.
347 1771 419 1832 581.
460 1770 545 1832 Rud.
573 1771 649 1850 6283
675 1773 751 1847 eom
785 1773 872 1836 1170.
914 1771 976 1837 Mil.
999 1773 1075 1853 glor.
1104 1772 1177 1846 951;
1210 1770 1307 1845 1124,-

144 1876 334 1954 ortamota.
375 1875 457 1938 Men.
479 1875 549 1939 116.
593 1877 679 1959 Epid.
701 1877 986 1960 aradmomrae.
1027 1879 1124 1944 Poen.
1146 1877 1305 1953 50m711.

19 2031 22 2034 .
149 1981 221 2045 Cae.
244 1983 323 2056 505;
346 1982 420 2057 623;
443 1982 511 2045 817.
552 1983 657 2047 Aulul.
679 1986 747 2050 631.

231 2087 324 2152 Merc.
355 2090 428 2152 183:
476 2087 590 2173 [Quin]
619 2091 672 2155 obi
700 2093 773 2156 hinc
803 2092 986 2156 diceremus.
1029 2091 1117 2156 Haec
1144 2089 1305 2155 Ritscheiii

146 2195 309 2276 scriptura,
334 2215 405 2258 cum
426 2199 500 2276 qnia
519 2197 605 2261 nullo
627 2198 733 2264 codice
751 2199 913 2281 prodatur,
935 2198 1027 2262 valde
1049 2202 1097 2262 est
1117 2197 1223 2274 dubia,
1247 2197 1306 2262 sed

144 2301 315 2365 felicissime
347 2304 470 2368 uidetur
502 2309 635 2386 reperta.
684 2306 758 2369 ibid.
783 2307 857 2385 1853
885 2305 962 2379 9373
993 2305 1063 2368 955.
1107 2304 1197 2368 Most.
1230 2303 1304 2379 1723

146 2409 218 2488 1873
240 2409 408 2490 camora
429 2412 507 2486 584;
530 2413 607 2492 855;
629 2413 706 2476 815:
750 2413 833 2492 Quia
865 2419 898 2476 iu
929 2414 940 2475 i
968 2413 1070 2476 intro:
1109 2413 1206 2476 otiose
1230 2432 1305 2491 per-

143 2525 249 2595 specto
272 2518 362 2580 aedis
384 2526 417 2581 ot
437 2519 528 2582 lubet.
558 2519 630 2584 Non
648 2524 752 2602 potest
771 2521 904 2584 dubium
922 2539 998 2597 esse,
1023 2519 1099 2601 quin
1117 2519 1304 2583 Ritschelius

142 2625 288 2705 quamvis
309 2623 477 2702 librorum,
508 2628 562 2708 qui
588 2629 618 2690 is
644 2646 703 2708 pro
734 2630 746 2691 i
775 2628 944 2709 praebent,
971 2627 1033 2691 fide
1058 2627 1200 2709 neglecta
1222 2629 1304 2690 recte

72 2797 76 2802 ,
139 2731 184 2794 ita
207 2731 370 2812 scripserit.
1081 2741 1088 2755 ’

222 2838 294 2901 ibid.
321 2840 414 2903 1089:
460 2841 545 2919 Quin
567 2841 630 2904 cita
655 2841 745 2906 iilum
769 2842 801 2904 im
827 2844 888 2906 ius.
919 2841 1108 2906 Dubitantcr
1124 2837 1305 2920 accipienda

140 2943 198 3007 ista
219 2945 381 3010 Ritscbelii
397 2947 588 3024 emendatio
611 2949 643 3011 id
659 2949 746 3030 quod
762 2969 800 3014 ex
816 2950 910 3032 ipsius
926 2951 1032 3015 adnot.
1046 2947 1303 3028 cdticaapparet.

221 3148 254 3210 0.
299 3146 405 3227 Atque
424 3145 629 3227 expiicatione
652 3147 768 3211 eadem
798 3168 862 3231 qua
882 3149 933 3212 bio
952 3148 1108 3213 utendum
1129 3165 1212 3223 esse,
1239 3145 1302 3222 ubi,

137 3256 236 3336 quin
263 3255 303 3316 in
327 3255 552 3318 enuntiatis
574 3255 842 3318 affirmativis
864 3260 982 3334 exstat,
1013 3254 1156 3319 facillime
1184 3250 1303 3316 intelle·

136 3363 228 3442 gitur.
282 3361 352 3438 Quo
382 3363 482 3442 magis
511 3362 692 3425 mirandum
715 3366 777 3440 est,
811 3363 896 3445 quod
925 3363 1061 3427 Haasius
1089 3359 1146 3442 (ad
1175 3359 1302 3440 Reisigii

134 3467 270 3548 scholas)
291 3469 351 3531 hac
372 3470 560 3549 cognatione
583 3469 726 3549 neglecta
745 3471 920 3550 explicandi
941 3469 1095 3533 rationem
1119 3466 1300 3532 arcessitam

135 3575 329 3658 minimeque
352 3579 460 3657 aptam
483 3575 628 3654 adhibet,
655 3596 728 3640 cum
757 3579 894 3658 proferat
919 3577 998 3640 haec
1019 3573 1051 3655 (ξ
1072 3573 1133 3638 491
1155 3593 1185 3655 p.
1208 3571 1301 3655 576):

140 3785 332 3796 ...m

232 3876 257 3944 1)
274 3875 312 3930 De
332 3893 387 3943 quo
405 3875 464 3928 loco
483 3837 547 3928 vide¹
562 3875 710 3946 Ladewig:
744 3876 902 3930 Zeitsehrift
921 3877 939 3930 f.
962 3874 1079 3931 btterth.
1105 3894 1131 3946 p.
1152 3877 1230 3940 1095,
1251 3873 1299 3944 qui

132 3969 202 4030 elicit
220 3986 269 4037 per
286 3970 353 4039 quin
371 3967 590 4036 indignationem
609 3970 732 4040 exprimi.
