2990 4522
627 255 803 373 'ci

271 485 368 550 1172:
391 482 564 564 Oendneri
587 485 663 566 quin
685 483 967 568 complecionem
989 509 1076 571 queo.

181 589 185 600 '
267 590 339 656 Gan
361 591 437 656 136:
464 590 526 678 Vn
543 598 659 671 teneor,
680 593 787 672 miser,
808 595 894 674 quin,
914 611 993 675 quoe
1015 596 1124 661 decent
1145 603 1182 675 te,
1203 597 1317 662 dicum.

126 713 129 719 ’
267 698 346 762 641:
368 695 517 762 Retineri
536 714 661 779 nequeo,
684 700 761 781 quin
782 697 888 764 dicum
909 721 955 779 eo,
979 717 1060 782 quoe
1076 723 1249 783 promeres.

266 805 355 870 Asin.
377 803 457 869 355:
478 805 654 886 Arpentum
676 826 738 870 non
758 805 907 872 morabor
927 809 1003 891 puin
1021 809 1125 888 seras.

267 910 383 975 Bacch.
405 909 425 974 t
445 927 486 992 og
505 929 567 994 sq.:
588 911 661 975 Non
684 911 842 977 tantulum
859 933 1009 994 umquem
1024 916 1206 981 intermittit
1221 921 1351 998 tempus,

186 1016 264 1098 quin
282 1036 351 1080 enm
372 1016 520 1081 nominet.

270 1123 348 1185 915:
370 1121 406 1186 Si
426 1128 483 1200 est,
506 1122 666 1188 obstinere
688 1124 766 1204 quin
788 1126 930 1209 ottinpos
949 1147 1012 1192 non
1034 1147 1141 1209 queas.

270 1251 375 1317 Aulul.
395 1253 530 1336 cossa:
559 1252 653 1320 Nunc
673 1254 803 1336 tanobo,
833 1264 870 1322 ut
893 1277 960 1324 rem
982 1258 1125 1324 diuinum
1145 1260 1284 1339 socium,
1313 1279 1352 1324 ne

189 1357 315 1440 affinem
342 1378 462 1438 morer,
493 1360 571 1440 quin
599 1360 655 1426 ubi
677 1369 820 1428 arcessar
847 1383 912 1443 me,
938 1385 1038 1430 meum
1060 1365 1169 1446 fitium
1198 1365 1351 1447 eeteupto

187 1465 282 1530 ducat
306 1465 441 1530 domum.

265 1570 430 1636 Menaech.
453 1572 532 1636 253:
567 1567 789 1640 Verumtamen
809 1594 927 1656 nequeo
949 1574 1105 1640 contineri
1127 1578 1205 1658 quin
1227 1577 1351 1659 loquar.

268 1677 365 1743 1124:
389 1676 552 1743 Contineri
573 1681 652 1761 quin
673 1681 863 1762 complectar
884 1701 947 1746 non
967 1702 1054 1763 queo.

270 1784 365 1849 1146:
388 1784 554 1866 Numquid
574 1806 621 1851 me
642 1808 777 1866 morere,
798 1789 875 1870 quin
891 1808 946 1870 epo
968 1788 1058 1870 liber,
1081 1795 1117 1855 ut
1139 1789 1226 1869 iusti,
1247 1791 1351 1862 siem?

187 1889 277 1968 Quae
303 1889 463 1956 Ritsehelii
491 1891 662 1974 scriptura,
692 1912 889 1976 quamquam
911 1912 931 1958 a
951 1893 1037 1960 libris
1066 1895 1196 1978 paulum
1222 1897 1349 1975 recedit,

187 1995 279 2061 valde
301 1996 377 2062 mihi
399 1997 510 2080 placet

266 2103 360 2168 Mero.
385 2105 465 2169 10u0
482 2125 548 2189 sq.:
576 2105 647 2172 Neu
675 2106 844 2188 quisquam
868 2104 1004 2186 postiae
1029 2105 1194 2186 prohibeto
1222 2107 1351 2174 adules-

185 2218 299 2275 centem
313 2211 431 2292 fitium,
455 2213 532 2293 quin
554 2218 637 2278 umet
660 2219 689 2278 et
711 2217 850 2277 scortum
872 2205 977 2277 ducat.
1013 2201 1017 2230 ‘

266 2316 358 2382 Cure.
390 2319 466 2384 164:
494 2317 635 2384 Adsum:
662 2338 737 2384 nom
764 2317 795 2382 si
819 2317 925 2398 upsim
953 2316 1042 2382 houd
1070 2337 1246 2401 recussem,
1272 2321 1350 2403 quin

183 2423 263 2488 mitti
283 2424 366 2490 mule
387 2426 439 2490 sit.

264 2529 402 2616 iilsqn
425 2531 591 2598 tormento
619 2551 682 2596 non
703 2531 837 2596 retineri
856 2532 963 2613 potuit
976 2530 1105 2612 ferreo,
1138 2533 1216 2612 quin
1245 2552 1280 2597 se
1301 2553 1351 2599 re·

184 2637 302 2719 ciperet
322 2636 382 2702 leuc
404 2657 507 2702 essum
525 2636 570 2702 od
588 2657 774 2718 praesepem
796 2656 897 2703 suom.

265 2744 383 2826 Amplu
394 2744 456 2808 559
465 2763 529 2826 sq.:
552 2743 669 2809 Tamen
690 2744 768 2825 quin
787 2743 902 2825 loquer
922 2743 1008 2824 haee,
1028 2750 1063 2810 ut
1082 2745 1173 2820 factu
1193 2749 1269 2809 sunt
1289 2743 1351 2823 trie,

182 2865 354 2930 numquam
374 2849 555 2915 ullomodo
573 2870 621 2914 me
638 2856 730 2931 potes
751 2849 918 2916 deterrere.

267 2979 320 3044 Ad
340 2980 427 3046 hune
445 2999 538 3045 usum
561 2980 642 3045 haec
663 2999 792 3064 quoque
811 2979 957 3063 exempla
972 2984 1049 3049 sunt
1069 2979 1245 3059 referenda,
1269 2999 1351 3063 quae

186 3090 329 3170 apertam
358 3087 487 3170 quidem
517 3106 616 3152 unam
637 3090 765 3152 tantum
789 3087 1042 3170 repudiationem
1069 3087 1102 3151 in
1132 3085 1351 3162 enuntiatione

183 3211 374 3275 praegressa
388 3192 556 3271 exhibent,
576 3211 690 3257 verum
711 3193 770 3272 ita,
797 3195 835 3258 ut
861 3192 994 3257 verbum
1021 3191 1071 3256 vel
1090 3190 1208 3258 locutio
1228 3211 1350 3273 regern,

184 3299 272 3364 cuius
300 3300 387 3364 notio
413 3301 488 3364 satis
516 3301 634 3364 incerta
662 3317 808 3382 vagaque
836 3299 893 3378 sii,
914 3299 1053 3380 negativi
1074 3298 1206 3364 mitiore
1228 3296 1351 3361 ambitu

183 3407 325 3470 instructi
353 3405 439 3471 verbi
469 3405 538 3469 loco
563 3406 605 3470 sit
632 3407 743 3488 posita.
785 3406 834 3470 Ac
853 3404 879 3470 si
900 3424 948 3482 ea,
972 3423 1055 3487 quae
1074 3423 1171 3487 supra
1193 3404 1232 3468 de
1254 3404 1351 3468 totius

184 3531 260 3577 usus
266 3512 386 3594 origine
394 3512 605 3595 exposuimus,
613 3511 883 3589 animadverteris,
891 3510 981 3576 laeile
991 3510 1070 3574 talea
1082 3509 1167 3574 locos
1180 3509 1349 3592 intelleges.

253 3643 397 3708 Primum
408 3643 538 3726 quidem
545 3643 586 3708 de
592 3643 898 3726 locutione‚quaeest
907 3639 999 3706 nullu
1008 3659 1107 3704 causo
1116 3647 1163 3704 est
1171 3641 1256 3720 quin,
1264 3637 1350 3703 simi-

183 3749 265 3815 libus
280 3733 492 3833 'quaeramusz
517 3749 553 3831 β)
575 3749 645 3814 Cas.
668 3750 744 3813 832:
765 3748 866 3813 Nullo
888 3766 988 3813 eausa
1009 3752 1057 3811 est
1072 3747 1149 3826 quin
1161 3746 1350 3827 pendentem

184 3857 346 3921 verberes:
376 3855 417 3920 Es
437 3856 477 3920 ist
498 3856 570 3920 lein
593 3855 703 3921 Giund
733 3856 877 3940 dagegen
898 3851 1104 3930 vorhanden
1134 3851 1206 3916 dass
1227 3851 1271 3917 du
1293 3852 1350 3917 ihn

185 3962 363 4046 peitsehest‚
374 3961 438 4027 vel:
450 3961 490 4026 us
503 3962 543 4026 ist
555 3962 628 4027 kein
641 3961 753 4030 Grund
767 3961 965 4040 vorhanden,
976 3957 1118 4024 weehalb
1132 3958 1177 4026 du
1190 3960 1280 4024 nicht
1294 4008 1301 4022 .
1317 4007 1324 4022 .
1341 4006 1348 4022 .
