2990 4522
712 265 751 330 37

230 470 324 535 Asin.
344 467 407 532 tto
426 487 514 550 sqq.:
550 467 695 549 Apscede
733 487 771 531 aa
801 469 871 533 eine
897 488 945 534 me
969 467 1052 533 luae
1075 469 1224 550 perdere,
1262 469 1318 550 qui

127 555 271 658 'semper
315 597 362 638 me
403 577 456 639 ira
496 576 650 652 incendit,
693 578 767 656 quoi
799 595 977 669 *pertriduum
1020 593 1086 641 rem
1132 598 1179 642 me
1219 597 1316 642 uuum

153 686 222 748 licet
260 684 452 764 praecipere
483 681 578 747 semel
598 683 690 764 sari,
731 684 809 764 quia
839 684 982 748 certiore
1019 684 1126 748 eadem
1166 685 1315 764 imperem

158 799 247 871 atque
277 791 481 873 apparatam.
531 788 578 852 ua
598 788 822 854 Fleckeisenus.
864 789 927 854 Sed
948 790 987 854 de
1015 789 1218 856 collocatione
1246 811 1317 856 ver-

153 899 262 962 borum
285 896 432 980 equidem
455 916 527 961 oum
551 895 695 977 Ussingio
716 898 893 974 consentio,
923 897 978 980 qui
1008 897 1052 962 sic
1071 897 1192 964 scribit:
1217 946 1224 961 .
1245 945 1252 962 .
1275 947 1283 962 .
1307 947 1314 961 .

149 1007 224 1086 quoi
249 1021 419 1084 aumqeaom
442 1024 539 1068 unum
561 1024 627 1067 rem
655 1024 703 1067 me
725 1003 797 1068 lieet
816 1005 910 1069 eemel
928 1006 1115 1086 praecipere
1127 1005 1205 1087 suri
1231 1053 1238 1068 .
1262 1053 1269 1068 .
1292 1026 1314 1084 .;

152 1114 190 1176 ei.
214 1115 318 1176 autem
340 1112 461 1190 adnot,
484 1130 582 1194 quam
604 1110 731 1176 exhibet
752 1111 914 1194 Ussingius
937 1113 968 1177 in
991 1113 1040 1178 ed.
1062 1132 1130 1178 sua.

238 1216 303 1282 Cas.
323 1219 364 1282 98
373 1238 457 1302 sqqc
479 1218 564 1282 Nam
578 1218 686 1298 peculi
701 1219 839 1299 probam
859 1219 942 1284 mitit
956 1220 1071 1285 labere
1087 1219 1218 1284 addecet
1233 1218 1315 1284 elom

160 1326 260 1388 viram
281 1323 536 1405 deambulet,
556 1331 687 1402 partum
710 1327 756 1392 eei
777 1325 864 1390 haud
885 1327 1040 1391 eornmode
1062 1333 1123 1407 est,
1146 1329 1222 1407 quire
1244 1326 1314 1390 uiro

158 1439 214 1496 cat
235 1431 404 1496 subtrahat
425 1438 482 1496 out
504 1438 616 1512 stupro
637 1433 801 1498 inuenerit.

233 1563 326 1626 Most.
351 1563 408 1626 tto
426 1578 492 1646 sd:
523 1563 629 1644 Atque
651 1563 760 1644 edepol
780 1565 828 1628 ita
849 1564 938 1644 lippa
960 1561 1036 1626 loeo
1064 1561 1170 1626 umide
1191 1567 1314 1642 putent,

147 1691 212 1734 aare
231 1669 345 1740 pideor
364 1669 442 1734 mibi
462 1670 585 1734 sarcire
603 1691 699 1751 posse
719 1671 809 1736 aedis
827 1689 922 1748 meas,
945 1669 1022 1751 quia
1044 1674 1128 1734 totae
1140 1674 1315 1749 perpetuae

149 1773 305 1852 tuomst).
389 1779 393 1786 '

155 1963 159 1970 .
239 1877 356 1960 Amph.
385 1878 443 1942 t38
465 1899 532 1963 sq.:
583 1879 623 1944 Ια
644 1880 763 1964 fupam
797 1890 845 1948 eet
874 1890 977 1949 tamea
1005 1903 1093 1948 memo
1120 1881 1315 1946 convortitur

156 2005 212 2052 aee
233 1985 352 2050 recedit
371 1985 450 2064 loco,
481 1988 559 2068 quia
580 1989 689 2052 statim
709 2011 775 2054 rem
794 1997 894 2072 perat.
937 1989 996 2054 Hie
1026 2007 1152 2072 quoque
1179 1986 1315 2068 Ussingii

151 2094 340 2176 scripturam
356 2094 567 2177 praetulerim,
588 2095 700 2177 quiite
716 2095 866 2160 collocet:
887 2096 950 2160 Sed
962 2097 1082 2178 sapam
1103 2097 1137 2158 ia
1148 2096 1196 2159 sic
1210 2101 1313 2158 tomen

151 2221 240 2266 remo
263 2203 457 2266 commetitur
478 2221 534 2264 uec
556 2202 675 2267 recedit
698 2250 704 2265 .
729 2250 736 2264 .
760 2251 766 2265 .
790 2201 895 2280 Quam
916 2202 1107 2267 sententiam
1127 2198 1314 2284 comprobat

148 2307 196 2371 vir
216 2307 330 2371 doetus
350 2307 383 2370 in
404 2309 630 2372 commentario
653 2306 707 2388 (ad
729 2329 759 2371 v.
781 2309 842 2372 234
862 2327 908 2391 sq.
931 2309 980 2373 ed.
1000 2305 1144 2388 Ussing.).

231 2413 304 2477 ibid.
327 2413 405 2476 too:
451 2413 542 2478 Certe
572 2415 682 2495 edepol
711 2421 744 2480 tu
773 2437 820 2480 me
851 2415 1010 2480 alienabis
1037 2434 1209 2496 praequam
1236 2413 1313 2494 quin

152 2525 258 2582 aester
279 2521 364 2583 siem.
409 2521 581 2585 ›alineabis
611 2522 630 2586 i.
652 2543 678 2587 e.
707 2523 846 2588 alienum
866 2523 977 2600 facim,
1008 2522 1095 2604 quod
1127 2521 1314 2604 pierumque

153 2625 329 2691 venditione
352 2626 407 2690 fit«
428 2627 592 2710 Ussingius
612 2630 754 2694 adnotat

231 2731 305 2796 ibid.
329 2733 407 2796 1053
421 2753 484 2816 sm:
513 2734 601 2815 Sper,
623 2743 717 2818 atque
739 2756 813 2818 apes
834 2737 918 2800 uitae
939 2756 1025 2801 meae
1046 2739 1149 2800 iaceat
1171 2733 1313 2820 sepultae

149 2841 181 2902 ία
210 2845 340 2925 pectore
369 2859 467 2919 neque
499 2841 600 2906 ullast
632 2842 822 2924 confidentia
851 2843 917 2906 iem
949 2842 984 2906 ία
1012 2863 1079 2906 meo
1111 2841 1203 2905 eorde
1235 2841 1312 2920 quia

152 2965 339 3009 omissurum.

249 3103 341 3112 ..1--0—

245 3168 271 3236 *)
290 3168 484 3238 Insequentem
503 3187 610 3226 veroum
630 3172 798 3229 ititocheliue
814 3173 857 3229 ite
874 3173 1016 3228 emendet:
1055 3189 1115 3226 mem
1128 3169 1311 3241 fundamento

145 3255 280 3322 perierint
303 3271 351 3309 aee
374 3259 520 3326 quiequam
544 3275 600 3314 eece
623 3261 731 3315 uuuilio'
751 3267 841 3330 queat.
890 3259 1016 3330 Optime!
1045 3258 1119 3313 Num
1143 3258 1210 3327 quim
1238 3271 1312 3319 cum,

148 3341 221 3406 quod
232 3339 298 3392 libri
309 3331 511 3409 commendent,
528 3349 641 3416 propter
654 3347 798 3402 metricam
817 3347 954 3402 rationem
972 3361 1080 3400 uerrere
1094 3361 1148 3398 non
1160 3357 1310 3413 poscumus.

69 3435 71 3438 ·
150 3427 240 3494 Atque
259 3427 433 3486 coniecturae
450 3432 681 3498 Hermenniunee
700 3452 771 3503 quoe
788 3437 831 3490 oct
848 3437 915 3504 quia
928 3433 1112 3500 fundamento
1118 3429 1270 3500 perierint.
1284 3465 1311 3480 ..

147 3509 232 3582 longe
263 3515 387 3583 praefero
409 3516 637 3574 Ritcehelienem.
674 3519 783 3574 Etenim
810 3522 876 3592 quia
895 3520 1081 3590 fundamento
1106 3516 1241 3587 perierint
1264 3528 1312 3567 uec

148 3600 292 3666 autequam
312 3640 318 3654 .
337 3643 343 3655 .
361 3643 368 3656 .
388 3612 470 3673 queat
492 3604 560 3659 setis
585 3605 746 3662 inconcinne
771 3605 877 3660 dictum
903 3608 981 3662 esset.
1015 3605 1104 3670 Quare
1130 3602 1204 3658 enim
1228 3600 1312 3670 poeto.

147 3687 221 3753 opud
240 3687 361 3742 alterum
376 3692 530 3746 membrum
548 3695 687 3762 repeteret
705 3697 779 3764 quin,
799 3710 853 3747 non
872 3693 946 3763 opud
964 3690 1099 3746 tertium‘i
1123 3688 1229 3743 Deinde
1243 3685 1312 3756 quid

147 3770 318 3840 significaret
332 3777 516 3845 fundamento
534 3783 627 3850 perire
645 3781 741 3835 illud?
767 3781 914 3836 Praetereo
924 3777 1099 3835 verisimilius
1109 3776 1226 3837 videtur,
1245 3774 1313 3843 quin

146 3873 194 3926 per
211 3875 332 3915 errorem
350 3863 464 3930 librarii,
484 3867 528 3920 oui
546 3867 622 3938 prius
640 3868 711 3924 illud
729 3870 794 3940 quia
812 3868 841 3922 iu
857 3871 950 3924 mente
969 3866 1139 3928 versabatur,
1157 3862 1188 3916 in
1200 3863 1309 3916 textum

145 3961 294 4014 rrrepnsse.
