2990 4522
726 269 765 334 11

246 467 365 532 Contra
393 489 492 552 quam
520 470 745 552 expositionem
774 471 860 535 hand
891 493 993 554 panea
1022 477 1153 558 proferri
1186 485 1327 560 possunt.

163 574 306 638 Primum
328 577 413 639 enim
434 595 472 639 eo
487 579 555 640 tota
565 596 613 640 res
634 579 831 659 pervertitur,
855 579 941 660 quod
957 580 1093 644 Haasius
1112 583 1155 646 iia
1178 586 1328 667 explicat:

167 681 243 744 »das
258 681 443 746 Hinderniss
457 682 500 745 sei
515 682 603 747 nieht
616 703 679 747 von
699 684 754 747 der
772 685 840 761 Art,
860 686 933 750 dass
950 689 1039 752 nieht
1051 689 1133 754 doeh
1143 693 1327 772 geschehe«.

163 787 262 864 Nam,
292 788 323 850 id
346 788 432 871 quod
463 789 558 870 paulo
579 794 654 853 ante
681 791 803 854 dixerat
824 793 905 873 ipse,
935 795 967 855 in
994 797 1150 862 sententia
1180 799 1330 880 primaria

165 912 230 958 non
259 893 299 958 de
328 895 508 972 obstaculo,
537 896 591 958 sed
622 897 661 958 de
680 897 843 962 voluntate
872 901 991 982 aliquid
1019 905 1155 984 negativi
1174 906 1330 970 efficiendi

164 1001 277 1080 agitur.
320 1000 391 1077 Quo
413 1021 452 1065 ex
475 1021 577 1066 errore
599 1003 794 1081 factumest,
818 1008 852 1068 ut
875 1007 922 1068 vir
943 1008 1055 1070 doetus
1076 1010 1108 1072 in
1133 1011 1330 1094 disponenda

163 1107 382 1171 dissertatione
403 1109 496 1172 valde
520 1111 705 1190 peccaverit.
739 1111 862 1174 Etenim
885 1113 978 1176 huius
998 1115 1077 1178 ratio
1100 1117 1197 1196 plane
1218 1119 1331 1184 eadem

164 1216 210 1278 est
231 1217 328 1296 atque
347 1215 412 1278 eius
433 1216 486 1296 qui
507 1215 567 1278 sub
585 1215 617 1296 1)
637 1220 851 1294 tractatur‚—
868 1219 907 1282 de
931 1239 994 1300 quo
1014 1224 1123 1301 postea
1144 1223 1330 1290 videbimus.

243 1321 414 1384 Enuntiato
436 1323 530 1404 igitur
551 1343 568 1386 e
590 1343 635 1402 gr.
658 1323 734 1387 hoe:
774 1324 842 1384 Nou
861 1325 1012 1402 prohibeo
1034 1328 1177 1405 eraricum,
1199 1331 1274 1408 quin
1296 1333 1331 1396 id

156 1427 341 1506 soeietnon
352 1429 546 1510 exprimitur,
560 1431 697 1492 amicum
719 1429 750 1491 id
770 1430 880 1504 facere,
903 1430 959 1492 sed
979 1431 1010 1492 id
1033 1434 1168 1510 tanturn,
1191 1453 1242 1496 me
1262 1455 1328 1500 non

161 1533 288 1596 studere
310 1534 448 1611 efficere,
480 1555 521 1598 ne
543 1536 636 1600 faciat
660 1536 742 1598 sive:
775 1553 830 1616 per
851 1553 902 1596 me
924 1535 1015 1598 licere
1037 1537 1138 1600 amieo
1162 1539 1193 1601 id
1215 1539 1327 1618 faeere,

162 1659 245 1717 eum,
267 1642 373 1722 utrum
394 1641 488 1704 faciat
509 1661 618 1718 necne,
637 1641 668 1703 in
691 1641 786 1704 dubio
802 1640 1005 1722 relinquatur.
1042 1641 1150 1724 Itaque
1166 1645 1263 1708 etiam
1278 1665 1327 1724 ea,

161 1766 245 1830 quae
266 1750 443 1828 sequuntur
463 1748 550 1828 apud
572 1747 742 1824 Haasiunr,
772 1747 851 1810 falsa
878 1751 954 1810 sunt
975 1747 1160 1812 iudicanda:
1183 1751 1329 1816 »Hierbei

160 1853 246 1916 kann
268 1852 386 1914 freiiioh
397 1853 481 1916 aueh
503 1853 562 1915 wie
575 1853 606 1916 in
622 1853 694 1916 dem
711 1857 849 1918 ersteren
865 1853 949 1917 Faile
963 1855 1032 1918 eine
1047 1875 1126 1936 ganz
1142 1857 1329 1938 aligemeine

160 1957 359 2041 Affirmation
381 1959 561 2022 entsteh'en:
581 1959 732 2039 jedesmal
748 1980 843 2023 wenn
860 1960 912 2024 ich
931 1961 985 2024 ihn
1007 1961 1163 2040 hinderte,
1184 1965 1259 2045 ging
1280 1984 1330 2043 er3

161 2066 203 2128 da
224 2066 301 2128 aber
328 2064 377 2128 die
404 2065 539 2130 Absieht
567 2067 766 2148 gewdhnlieh
796 2085 858 2130 nur
887 2068 945 2130 auf
968 2068 1059 2131 einen
1082 2069 1242 2154 einzelnen
1263 2070 1330 2133 Fall

160 2172 312 2253 geriehtet
332 2172 386 2249 ist,
412 2192 447 2236 so
466 2172 655 2236 besehreinkt
683 2173 749 2236 sich
778 2174 860 2236 auch
886 2173 935 2237 die
962 2175 1166 2239 Affirmation
1197 2177 1331 2245 hierauf’

162 2297 287 2342 woraus
309 2279 366 2342 der
387 2279 466 2342 Sino
488 2279 642 2342 entsteht:
664 2279 715 2342 ich
741 2280 810 2342 liess
831 2292 864 2343 es
884 2282 1080 2362 geschehen,
1105 2283 1177 2346 dass
1200 2332 1207 2344 .
1231 2331 1237 2345 .
1262 2333 1268 2347 .
1293 2332 1300 2346 .
1324 2288 1331 2302 ’

163 2384 253 2447 oder:
283 2384 334 2446 ieh
360 2389 478 2450 musste
507 2405 539 2448 es
567 2385 745 2465 geschehen
766 2386 885 2463 lassen,
915 2388 973 2450 das
993 2387 1136 2450 Hindern
1159 2406 1227 2452 war
1248 2389 1332 2452 ohne

166 2489 298 2570 Erfolg.‹

244 2620 354 2702 Neque
377 2621 471 2701 igitur
493 2623 609 2686 mirum
627 2627 682 2698 est,
705 2623 791 2704 quod
814 2623 859 2686 vir
875 2621 985 2685 doetus
1007 2623 1066 2686 ista
1088 2625 1208 2688 ratione
1231 2625 1331 2689 mutia

162 2727 306 2808 exempla
328 2746 394 2790 sese
407 2727 606 2810 interpretari
625 2748 689 2792 non
705 2749 795 2812 posse
809 2731 873 2810 ipse
890 2729 1058 2812 intellegit3
1081 2751 1164 2812 quae
1185 2733 1331 2812 quamvis

165 2835 285 2916 optima
306 2833 423 2896 tradita
445 2835 517 2911 sint,
536 2838 572 2897 ut
593 2839 742 2917 corrupta
764 2836 965 2898 emendanda
987 2855 1053 2900 esse
1075 2840 1190 2901 censet.

243 2939 323 3002 Dicit
359 2942 443 3003 enim
472 2941 569 3004 haee:
612 2941 732 3004 »Einen
765 2942 918 3031 positiven
952 2942 1121 3006 Ausdruek
1154 2963 1192 3006 zu
1226 2947 1331 3006 setzen

164 3049 240 3108 statt
262 3045 317 3108 des
339 3047 507 3128 negativen
533 3048 588 3111 des
610 3047 769 3110 Hinderns
796 3048 835 3114 ist
856 3049 975 3111 meines
998 3048 1136 3111 Wissens
1158 3049 1242 3112 ohne
1262 3051 1333 3114 Bei-

162 3153 247 3236 spiel.
289 3151 359 3216 Non
391 3154 474 3217 enim
501 3154 615 3218 faciam
652 3155 728 3235 quin
750 3155 828 3218 scias
855 3154 905 3217 bei
933 3154 1036 3218 Plaut.
1057 3154 1119 3217 Mil.
1140 3155 1181 3234 gl.
1204 3155 1238 3218 ΙΙ.
1262 3158 1330 3234 3,1

162 3260 210 3322 ed.
234 3259 447 3337 Lindemann,
470 3261 589 3324 kdnnte
612 3281 673 3324 nur
693 3261 831 3325 heissen:
874 3242 926 3323 ioh
948 3261 1054 3322 werde
1080 3280 1112 3324 es
1142 3261 1230 3326 nieht
1250 3263 1331 3326 thun

163 3366 247 3429 ohne
269 3365 341 3430 dein
363 3365 503 3444 Wissen,
526 3387 592 3431 was
615 3368 704 3430 nieht
719 3371 828 3465 passt3
858 3368 890 3431 in
911 3367 1031 3430 tilteren
1052 3367 1225 3447 Arrsgaben
1247 3369 1332 3432 steht

163 3491 228 3535 non
246 3473 361 3536 faciam
382 3475 467 3537 enim
490 3475 566 3560 quin
595 3475 691 3553 seias3
723 3494 756 3538 es
783 3474 909 3538 urdehte
937 3473 1037 3538 daher
1064 3493 1102 3538 zu
1132 3474 1218 3540 lesen
1247 3476 1331 3540 sein:

162 3599 227 3641 non
250 3579 364 3642 faciam
387 3581 471 3643 enirn
493 3580 546 3671 qui
567 3581 717 3650 nescias«.
740 3581 803 3644 Sed
823 3581 873 3643 hio
896 3580 997 3657 loeus,
1022 3579 1132 3662 quales
1154 3582 1331 3663 complures

162 3685 271 3748 traditi
290 3685 411 3766 sunt*)‚
434 3721 474 3730 —
496 3685 534 3772 de
557 3687 672 3768 quibus
686 3687 800 3769 'postea
817 3687 970 3768 copiosius
986 3686 1161 3774 videbimus
1179 3723 1218 3732 -
1236 3689 1331 3752 etiam

258 3862 283 3930 *)
301 3862 334 3916 of.
362 3862 447 3918 etiam
473 3880 507 3917 ea
524 3865 666 3934 exemplo,
690 3883 761 3933 quae
780 3881 797 3918 a
817 3861 1042 3919 Weissenbornio
1060 3862 1077 3914 l.
1088 3862 1106 3915 1.
1127 3863 1215 3918 alluta
1234 3869 1330 3920 sonte

163 3947 358 4018 posterioribus
375 3949 564 4019 scriptoribus.
