2990 4522
713 199 753 262 19

117 405 292 484 particulae
314 405 500 468 historiam
519 402 556 482 (si
576 401 678 466 dicere
697 400 789 481 licet).
819 401 928 483 Neque
945 401 1051 465 minus
1061 419 1159 484 qnam
1174 405 1311 468 formam

116 510 176 572 vim
201 511 275 575 eius
298 513 549 575 commutatam
573 529 637 590 essa
660 513 744 571 certe
766 510 1013 571 consentaneum
1034 510 1089 571 est.

195 642 230 704 Si
251 644 362 723 igitur
390 643 478 721 qaia,
502 640 587 722 quad
610 640 820 703 necessarium
843 639 977 717 videtur,
1000 640 1047 702 ab
1069 657 1142 702 uua
1164 641 1311 724 origine

122 748 301 812 derivare
335 750 492 812 animum
523 746 754 823 induxerimus,
784 745 1045 825 interrogatiri
1076 749 1311 828 pronominis

124 855 303 918 ablativum
331 865 413 920 eam
436 853 632 935 complexam
655 854 697 916 ab
719 854 837 933 origine
860 869 1000 915 warum
1024 852 1148 916 nictit?
1169 855 1310 935 singnifi-

124 980 224 1038 easse,
258 967 300 1024 ut
331 981 436 1024 nemo
466 980 529 1023 non
554 960 720 1035 concedet,
747 958 973 1021 declarandum
995 959 1085 1022 nobis
1106 963 1162 1023 est.
1181 941 1184 951 .
1205 961 1311 1043 Atque

127 1085 231 1130 ornnes
256 1068 493 1141 difficultates
516 1085 599 1147 qnae
620 1063 833 1146 grammaticis
855 1064 959 1127 adhuc
982 1065 1170 1143 obstabant,
1193 1067 1310 1147 optime

133 1173 173 1234 ita
190 1175 373 1249 tolluntnr3
398 1193 475 1237 nam
498 1173 577 1236 lraec
600 1171 763 1254 explicatio
782 1170 1008 1252 simplicissima
1026 1174 1058 1234 et
1078 1191 1134 1252 per
1154 1191 1187 1235 se
1209 1173 1312 1255 placet

23 1267 24 1300 ³
113 1282 265 1345 -araxime
290 1285 329 1346 et
352 1299 424 1343 curn
447 1279 534 1361 apud
562 1278 723 1342 universos
744 1278 908 1359 scriptores
929 1277 1114 1340 vetustiores
1134 1282 1202 1342 turn
1224 1280 1310 1362 apud

130 1384 288 1451 Plautum
320 1391 450 1470 poetam
482 1385 572 1467 prisci
603 1404 676 1448 usas
704 1387 823 1447 restant
852 1382 1009 1464 permulta
1043 1383 1189 1465 vestigia,
1221 1385 1310 1467 (sane

23 1533 24 1536 κ
129 1491 210 1554 nihil
238 1495 306 1556 nisi
334 1493 481 1572 vestigia,
511 1495 546 1554 ut
574 1511 648 1554 mox
677 1488 875 1570 videbimus).
919 1488 1104 1552 Consideres
1126 1489 1210 1571 enirn
1232 1492 1311 1554 tales

22 1651 24 1676 ,
133 1598 244 1662 locos:
594 1671 598 1677 ,

22 1687 24 1738 1
233 1706 293 1766 Nil
315 1707 378 1766 iarn
397 1703 473 1768 milri
492 1705 565 1767 aovi
589 1703 700 1784 afferri
718 1709 806 1782 pate,
835 1705 911 1782 qaia
933 1703 993 1767 sim
1013 1705 1148 1783 peritas.
1196 1703 1309 1786 (Plaat.
1374 1732 1376 1738 ¹

141 1809 244 1870 Pers.
266 1811 326 1872 ata
346 1809 402 1891 sq.)

243 1915 320 1978 llam
335 1919 436 1996 pecati
456 1915 592 1998 probam
614 1915 696 1978 aiiii
718 1915 833 1980 trabere
861 1917 992 1980 addecet
1022 1917 1102 1980 clara
1130 1921 1250 1997 viram,
1282 1927 1310 1983 et

23 2019 25 2072 1
151 2030 238 2098 qaae
253 2023 353 2101 tabet,
377 2032 510 2103 part-raa
538 2024 583 2086 eei
605 2023 692 2086 ltaad
715 2023 870 2086 cvrrvvrvde
893 2029 947 2101 est,
971 2024 1046 2102 qaia
1068 2025 1137 2088 vira
1160 2025 1310 2089 (11113111)-

149 2129 262 2194 tradat
280 2139 335 2194 aut
356 2140 468 2210 staprv
491 2133 653 2194 iuvaverit.
695 2129 812 2210 (Plani.
835 2129 905 2194 (las.
929 2131 969 2193 aa
988 2131 1071 2213 sqq.)

226 2240 278 2300 o'et
300 2240 396 2317 qaas-i
419 2239 507 2316 lippa
531 2237 618 2302 acala
640 2258 687 2300 are
710 2255 784 2300 eras
806 2257 892 2301 meas
922 2257 1036 2300 marias
1067 2238 1225 2304 abstinere
1245 2241 1311 2306 aaa

147 2347 211 2419 aaa
232 2353 347 2424 tamea,
370 2345 447 2422 pain
469 2346 513 2406 vti
535 2345 676 2423 imperet,
700 2347 777 2422 qaia
797 2339 845 2407 rae
867 2345 1084 2424 saisrtepvtiis
1103 2347 1311 2424 praefatam.

146 2449 257 2528 (Plaut.
281 2451 359 2514 Pers
382 2452 417 2514 ll
438 2450 499 2532 sq.)

222 2559 308 2621 Nara
325 2558 381 2622 irae
399 2557 488 2620 iared
495 2557 673 2636 dubiumst,
694 2559 771 2638 qaia
788 2558 935 2623 Olaemes
951 2559 1009 2622 tibi
1026 2580 1088 2624 aaa
1106 2560 1158 2624 det
1169 2568 1310 2642 pactam.

139 2665 280 2742 (Terent.
303 2665 440 2748 Adelph.
463 2665 519 2728 391
545 2684 590 2746 sq.
614 2665 662 2728 ed.
685 2665 886 2747 Fleckeisen.)

224 2772 334 2852 Ipaera
356 2779 462 2834 caveto
490 2793 528 2834 ae
549 2773 762 2849 interminae,
789 2775 864 2852 qaia
888 2793 1011 2852 seraper
1034 2777 1102 2837 siet.
1146 2774 1248 2856 (Cato.
1271 2776 1311 2838 de

121 2869 180 2942 R.
205 2879 246 2941 R.
268 2877 435 2956 XXXVlll,
457 2879 485 2956 i,
508 2879 538 2942 in
562 2878 687 2961 Scriptt.
706 2880 750 2943 rei
771 2882 847 2942 rust.
870 2880 919 2943 ed.
942 2879 1158 2960 Gesneriana.)

229 3010 337 3089 Nepae
358 3011 440 3074 satis
462 3009 591 3088 aaran,
620 3009 704 3089 pand
732 3012 856 3074 varaia
881 3009 999 3074 occatio
1027 3011 1207 3090 vitiaverat,
1235 3015 1311 3092 qaia

26 3149 28 3197 p
139 3120 212 3180 etas
227 3117 357 3196 famam
376 3119 593 3196 prostitueret.
622 3115 704 3195 (aaa.
718 3116 820 3198 Origg.
839 3117 903 3180 rell.
919 3137 949 3198 p.
968 3119 1014 3181 10.
1033 3119 1047 3181 1
1065 3119 1098 3182 in
1109 3118 1157 3204 ed.
1168 3117 1310 3199 Jordan.)

169 3215 173 3221 ’
227 3225 272 3286 At
298 3231 407 3286 carrtra
435 3225 518 3287 valli
548 3225 701 3288 dearilla
725 3231 819 3303 parte
846 3241 944 3303 neqve
968 3224 1034 3288 alia
1058 3233 1194 3305 tempore
1216 3225 1311 3288 ivarre

26 3323 29 3412 1
138 3337 247 3411 potest
265 3349 399 3393 vacaavr
422 3329 595 3395 subsistere
619 3333 675 3408 rei,
698 3332 773 3410 paria
796 3351 856 3394 saa
879 3331 963 3410 qaod
983 3337 1104 3395 antara
1129 3333 1217 3410 petit,
1241 3351 1311 3395 aaa·
1388 3338 1392 3348 ‘

27 3464 28 3520 p
142 3437 253 3500 redere
272 3443 397 3518 perpat.
442 3437 576 3518 (Lucret.
598 3438 633 3500 D.
646 3439 686 3501 R.
697 3437 734 3502 N.
757 3435 875 3515 11,a35
898 3457 965 3519 sqq.
988 3436 1037 3498 ed.
1059 3436 1228 3519 Mauram).

27 3535 28 3546 *
227 3543 292 3607 Nee
319 3544 458 3608 devitari
480 3543 575 3607 letam
591 3552 674 3625 pote,
698 3545 774 3625 qaia
799 3543 945 3610 obeamus
968 3543 1054 3625 (ibid.
1075 3543 1123 3619 lll,
1144 3534 1259 3625 '1079.).

226 3650 314 3713 Multi
336 3655 443 3714 autem
465 3651 579 3714 similes
600 3654 709 3714 extant
734 3650 809 3725 loci,
833 3669 912 3732 qaas
934 3668 1044 3714 omnes
1058 3649 1108 3712 hie
1123 3669 1310 3715 enumerare

141 3758 341 3839 supersedeo
385 3757 491 3835 Quina
533 3757 647 3823 Nonne
668 3759 771 3840 primo
797 3757 863 3837 ipso
886 3758 1016 3838 aspectu
1037 3754 1214 3834 incitantur,
1237 3761 1272 3822 ut
1293 3779 1312 3822 e

144 3884 190 3947 gr.
212 3864 351 3946 primurn
372 3865 449 3928 illud
471 3865 650 3946 exemplum
673 3865 857 3930 Plautinum
878 3862 939 3926 hac
960 3865 1054 3944 pacto
1075 3870 1309 3930 convertamus:
