2990 4522
205 498 374 581 Pergimus
395 495 436 560 ad

691 862 737 930 11.

149 1077 280 1167 Quin
313 1071 606 1160 particulam
643 1083 752 1136 cnm
787 1065 930 1134 modo
968 1061 1271 1133 conirrnottvo

237 1206 288 1276 ln
316 1201 580 1275 enuntiatis
613 1195 878 1269 sirhiurrctis
909 1194 1201 1282 coprrlatam.

207 1417 254 1480 Ac
287 1416 468 1479 virorum
496 1412 727 1484 doctorum,
756 1404 823 1488 qui
856 1406 980 1468 antea
1009 1401 1168 1467 versati
1195 1405 1293 1466 sunt

125 1524 163 1587 in
184 1524 261 1588 hac
282 1520 547 1604 quaestione,
576 1513 812 1581 sententias
841 1510 1013 1574 maxime
1041 1509 1211 1575 interae
1239 1509 1293 1572 di·

124 1650 266 1694 versas
309 1628 524 1693 illustrare
566 1623 776 1699 debemus,
818 1619 1061 1701 priusquam
1105 1618 1292 1680 nostrum

124 1731 330 1794 iudicium
349 1725 617 1808 proteramus.

213 1833 309 1910 Quod
338 1833 448 1894 autem
477 1829 520 1894 ad
547 1830 806 1913 antiquiores
825 1830 907 1894 viros
929 1828 1152 1911 grammaticos
1171 1827 1293 1906 attinet,

132 1938 265 2002 omnino
287 1936 363 2002 nihil
392 1936 527 2016 adquin
546 1937 717 2020 particulae
738 1936 900 2020 propriam
926 1937 1135 2018 innatamque
1156 1935 1221 1998 vim
1242 1953 1293 1999 ac-

135 2044 272 2108 curatius
294 2043 515 2126 explorandam
544 2043 760 2119 contulerunt,
790 2061 863 2108 cum
893 2042 943 2108 vel
973 2061 1098 2126 prorsus
1127 2061 1199 2107 eam
1226 2059 1292 2108 non

133 2150 319 2232 respicerent
336 2149 383 2215 vel
402 2151 433 2214 in
443 2149 603 2214 levissimis
615 2149 873 2232 explicationibus
883 2151 1126 2232 acquiescerent.
1148 2147 1293 2214 Plerum-

130 2277 203 2340 que,
225 2257 383 2338 quomodo
402 2257 479 2322 haec
493 2256 608 2321 vocula
629 2259 780 2339 usurpata
799 2259 880 2320 esset
902 2275 922 2320 a
939 2255 1140 2338 scriptoribus
1150 2255 1295 2336 classicis,

126 2383 206 2447 quos
224 2365 364 2444 dicimus,
386 2365 480 2430 nudis
498 2363 656 2446 aridisque
664 2363 767 2428 verbis
779 2363 946 2442 docebant,
964 2363 1006 2428 ad
1022 2363 1159 2427 rationes
1177 2381 1295 2444 rerum,

127 2474 164 2534 ut
185 2472 336 2549 solebant,
358 2491 424 2536 non
445 2474 656 2554 penetrantes.
698 2471 867 2536 Haasius
887 2469 933 2551 (in
954 2469 1214 2560 annotationibus
1234 2469 1291 2536 illis

128 2598 206 2660 quas
224 2580 287 2643 iam
308 2598 405 2662 supra
426 2576 687 2660 commemoravi)
709 2597 792 2642 unus
812 2598 863 2655 ea,
886 2595 950 2660 qua
972 2596 1029 2660 par
1050 2581 1107 2656 est,
1129 2577 1291 2659 diligentia

125 2686 165 2748 de
186 2686 247 2749 hac
268 2687 398 2749 materie
420 2685 599 2749 disseruisse
620 2684 752 2749 videtur.
784 2683 890 2762 Quare
910 2703 993 2767 quae
1016 2684 1067 2749 hio
1084 2685 1132 2749 vir
1153 2684 1293 2756 doctissi-

124 2811 198 2855 mus
217 2793 386 2870 censuerit,
415 2812 514 2875 quam
532 2792 765 2856 accuratissime
785 2792 1012 2856 examinemus.
1052 2791 1164 2874 Neque
1185 2790 1293 2856 inutile

126 2899 250 2962 videtur
277 2900 344 2963 eius
364 2899 432 2981 ipsa
458 2899 558 2963 verba
579 2899 630 2963 hio
651 2900 827 2982 adponere,
848 2902 884 2963 ut
898 2919 937 2965 ea
951 2900 1058 2964 statim
1083 2902 1158 2964 ante
1186 2896 1294 2962 oculos

126 3003 245 3069 habeas
264 3025 316 3084 ac,
338 3006 415 3088 quid
435 3006 466 3070 in
489 3025 617 3088 quoque
636 3006 706 3070 loco
727 3006 919 3072 recensendo
941 3005 1017 3071 mihi
1038 3006 1151 3083 velim,
1173 3003 1294 3070 facilius

125 3116 290 3194 appareat.

208 3219 298 3284 Haec
317 3219 411 3302 igitur
431 3219 477 3283 vir
498 3220 609 3284 doctus
631 3220 662 3300 (l.
685 3219 703 3282 l.
726 3218 744 3301 ἓ
765 3219 826 3284 492
848 3240 877 3302 p.
900 3217 975 3300 575)
996 3219 1133 3301 scripsit:

212 3326 349 3390 »Weder
368 3327 437 3391 hier
458 3326 556 3409 (apud
578 3327 762 3408 Reisigium)
784 3326 868 3390 noch
889 3327 939 3390 bei
960 3327 1064 3390 einem
1086 3326 1215 3390 andem*
1232 3325 1292 3389 mir

125 3435 309 3499 bekannten
347 3432 578 3498 Grammaiilrer
613 3433 699 3498 finde
733 3433 784 3498 ich
821 3433 884 3496 den
919 3432 1087 3497 Gebrauch
1119 3447 1183 3496 von
1216 3433 1294 3511 quin

125 3540 297 3622 gehugend
318 3543 451 3604 ertirtert
472 3541 539 3603 und
560 3540 617 3604 auf
635 3540 720 3604 seine
742 3539 869 3604 Grtinde
892 3523 1144 3620 zuriicligeldhrt.
1187 3537 1293 3602 Schon

128 3649 179 3712 die
199 3647 295 3712 Alten
317 3647 435 3712 landen
458 3647 618 3712 dies-sehr
638 3645 815 3727 schwierig,
837 3645 903 3709 und
926 3665 959 3710 es
979 3644 1042 3726 gab
1064 3644 1203 3710 dariiber
1223 3644 1294 3709 eine

125 3753 373 3836 Untcrsuchung
389 3754 444 3820 des
458 3755 493 3818 P.
506 3753 647 3834 Nigidius
661 3753 796 3834 Figulus,
815 3752 865 3816 die
875 3733 949 3815 sehr
966 3749 1133 3832 griindlich
1148 3768 1294 3831 gewesen

127 3882 165 3926 zu
194 3862 261 3926 sein
289 3862 427 3936 schema
453 3881 477 3925 s.
506 3860 582 3927 Gell.
613 3860 706 3937 XVll,
739 3861 786 3925 13.
837 3857 928 3922 Ohne
956 3856 1042 3920 mich
1072 3857 1130 3922 auf
1157 3857 1207 3921 die
1236 3857 1293 3921 ah-

126 3968 338 4036 weiohenden
357 3965 746 4046 Ansichieneinzulassen,
768 3962 895 4029 milchie
913 3963 965 4029 ich
987 3963 1037 4029 die
1058 3961 1202 4045 fulgenda
1212 3961 1292 4028 Dar-
