2990 4522
715 191 751 260 31

113 385 332 480 ¹assumptum
365 399 488 466 redeo:
516 395 574 460 Nil
605 399 671 462 iem
698 397 777 461 arilei
798 399 871 461 novi
893 398 1003 480 offerri
1027 403 1118 478 pole,
1148 399 1225 482 quin
1255 399 1315 462 sim

133 507 260 580 per-ilas.
282 506 423 582 Statim,
447 506 479 567 ni
500 504 599 579 fallor,
621 506 708 568 vides
724 505 914 570 sententiam
929 505 1171 586 praecedentem
1186 505 1314 587 plenam

137 629 194 672 esse
223 615 255 674 et
282 612 344 676 tali
385 613 453 676 fere
484 611 613 693 periodo
649 611 839 693 respondere
860 609 1101 676 Ciceronianae:
1130 611 1221 676 Nihil
1250 613 1315 674 iam

141 717 205 800 milii
229 719 351 798 offerri
376 724 499 798 polest,
528 719 605 797 qiua
627 719 776 781 creverim.
818 718 1084 799 Repudiationem
1108 719 1203 800 igitur
1221 737 1316 801 repu-

142 821 249 886 diatam
271 826 307 888 in
330 827 414 888 novi
433 826 533 888 inesse
547 844 586 888 ex
600 825 645 900 ile,
666 845 748 906 quae
763 825 902 902 disserui,
926 824 1121 890 intellexeris,
1157 826 1191 888 ln
1206 825 1315 890 huius·

34 945 36 1024 j
140 929 220 990 modi
241 950 324 994 vero
350 951 415 995 usn
437 933 512 1011 pain
535 931 680 995 voculam
701 932 751 994 vel
781 932 919 996 maxime
939 950 998 994 suo
1019 931 1086 996 loco
1108 931 1216 1010 luisse,
1246 933 1316 1014 quis

144 1037 254 1116 estqui
272 1057 346 1102 non
365 1038 497 1101 videat?
527 1037 598 1115 Qua
619 1038 735 1120 aliquid
748 1057 874 1102 summa
891 1040 920 1102 vi
935 1037 1087 1103 affirmari
1102 1019 1314 1121 cantandique

150 1155 231 1219 supra
252 1144 322 1207 iam
348 1145 528 1227 expositum
550 1148 605 1207 est.

220 1267 285 1332 Sed
318 1269 356 1333 in
389 1269 467 1345 hac,
503 1287 600 1350 quam
634 1269 865 1350 expedivimus,
902 1268 1051 1350 loquendi
1086 1270 1313 1338 consuetudine

147 1370 272 1437 nimiam
296 1375 464 1457 quandam
486 1375 718 1438 abundantiam
741 1376 993 1457 ubertatemque,
1014 1395 1055 1439 ne
1077 1375 1180 1440 dicam
1201 1377 1314 1458 loqua-

146 1474 219 1540 citat
236 1498 291 1557 m,
322 1483 448 1546 infuisse
474 1481 563 1544 facile
591 1484 637 1545 est
667 1482 708 1544 ad
737 1480 983 1561 intelligendum.
1032 1479 1179 1543 Ceterum
1200 1482 1260 1546 hoc
1281 1483 1313 1547 in

147 1598 295 1648 sermone
316 1589 448 1670 vulgari,
478 1587 618 1670 inprimis
645 1587 812 1665 italorum,
849 1587 889 1650 de
925 1586 1039 1668 quihus
1075 1586 1170 1649 etiam
1205 1590 1314 1654 nostra

152 1690 262 1751 aetate
276 1695 429 1772 cognitum
443 1693 608 1770 habemus
630 1713 695 1756 non
710 1694 824 1756 mirum
847 1694 1012 1758 videbitur.
1042 1693 1213 1758 Paullatim
1228 1712 1314 1773 vere,

159 1795 329 1876 praecipue
348 1799 467 1864 cultiore
489 1803 611 1876 aetate,
633 1799 694 1863 hae
718 1801 842 1864 dicendi
869 1800 1023 1883 ambages
1045 1800 1197 1864 molestae
1219 1801 1313 1880 visae,

164 1903 313 1974 quantum
327 1903 386 1968 lieri
399 1910 531 1988 poterat,
556 1905 759 1969 tollebantur.
795 1905 904 1990 ltaque
920 1907 952 1970 in
968 1907 1138 1972 enuntiatis
1158 1908 1314 1990 primariis

163 2007 323 2074 nonnullae
342 2013 495 2090 notiones
516 2011 703 2095 plerumque
724 2013 821 2076 etiam
843 2013 1046 2095 principales,
1074 2015 1313 2093 emittebantur,

159 2114 299 2186 quoniam
325 2111 501 2182 sententiae
529 2120 648 2198 aquia
677 2119 774 2182 verbo
802 2138 891 2183 orsae
921 2120 954 2182 in
983 2119 1083 2184 causis
1111 2119 1314 2204 expediendis

154 2214 192 2277 ad
213 2223 336 2288 easdem
361 2225 526 2302 redibant,
557 2226 600 2290 ita
629 2229 680 2302 ut,
708 2225 784 2306 quid
813 2225 978 2314 loquentes
1004 2226 1062 2289 sibi
1089 2226 1215 2304 vellent,
1237 2227 1313 2292 satis

154 2330 289 2401 apertum
310 2332 408 2395 fieret.
444 2330 551 2394 Prisca
565 2332 660 2412 igitur
676 2333 835 2412 parataxis
850 2331 902 2413 (sit
915 2313 1008 2396 lenia
1023 2332 1133 2411 verbo)
1149 2332 1312 2415 paullatim

155 2437 381 2502 enuntiatorum
409 2438 621 2503 coniunctioni
652 2438 784 2504 cedebat
812 2438 956 2516 arctiori,
982 2438 1139 2520 simulque
1168 2440 1313 2522 proprius

151 2532 234 2605 huius
255 2545 430 2626 particulae
452 2564 562 2608 sensus
587 2546 620 2608 in
648 2545 714 2609 dies
743 2546 842 2627 magis
872 2545 1082 2611 evanescebat
1092 2543 1140 2627 *),
1169 2565 1242 2610 cum
1270 2545 1312 2610 ad

147 2641 314 2729 simplicem
338 2650 558 2732 coniungentis
583 2652 716 2716 voculae
737 2652 899 2715 notionem
921 2653 1084 2730 transiret;
1114 2671 1197 2736 quae
1223 2671 1312 2716 com·

146 2759 278 2822 mutatio
305 2758 426 2822 facilius
448 2758 515 2822 fieri
545 2761 686 2841 poterat,
718 2758 793 2840 quia
814 2777 919 2832 sermo
939 2760 1083 2824 nondum
1114 2760 1221 2822 litteris
1243 2763 1312 2822 erat

145 2855 272 2929 defixus.
325 2865 434 2946 ltaque
470 2865 645 2929 enuntiatio
672 2866 790 2944 aquia
820 2866 917 2928 verbo
948 2884 1036 2942 orsa,
1067 2866 1157 2947 quasi
1186 2885 1225 2928 ex
1244 2865 1311 2947 ipsa

36 2946 39 2974 l
146 2983 200 3034 sua
219 2971 328 3034 indole
356 2971 433 3034 nihil
461 2972 520 3034 nisi
549 2972 740 3035 sententiani
768 2971 953 3052 primariam
983 2971 1129 3036 definiret
1153 2971 1202 3034 vel
1225 2990 1311 3034 com-

145 3074 253 3156 pleret,
274 3097 349 3141 mox
370 3078 578 3160 dependentis
598 3079 700 3160 specie
721 3076 921 3142 induebatur.
965 3077 1048 3156 Quid
1068 3080 1163 3140 vero?
1198 3077 1310 3141 Nonne

37 3190 38 3224 ³
145 3179 175 3244 in
205 3185 349 3268 plurimis
379 3185 492 3266 linguis
520 3184 682 3264 analogias
711 3183 844 3251 inveniri
871 3184 1009 3248 scimus?
1039 3218 1075 3227 —
1110 3186 1145 3246 ut
1177 3201 1215 3246 ex
1243 3183 1311 3263 ipso

144 3284 241 3355 latino
255 3311 400 3356 sermone
409 3291 581 3374 particulae
597 3311 645 3367 ne,
661 3308 804 3370 egraeco
819 3291 884 3353 eius
899 3309 983 3372 quae
998 3292 1044 3353 est
1059 3287 1103 3368 μή
1118 3291 1310 3351 structuram

36 3417 38 3442 ³
144 3411 399 3471 commemorem.

148 3607 340 3620 *hu——

246 3748 272 3817 *)
291 3750 324 3805 cf.
334 3748 458 3803 Ribbeck
469 3748 487 3804 l.
498 3749 516 3803 l.
529 3765 556 3817 p.
570 3746 604 3800 20
621 3745 679 3800 fere
689 3747 766 3809 extr,
779 3742 829 3811 qui
844 3744 970 3798 voculam
981 3745 1046 3814 pain
1058 3741 1112 3796 iam
1123 3742 1310 3802 vetustissima

145 3846 236 3899 aetate
257 3861 312 3899 non
331 3843 414 3914 plane
432 3841 604 3898 intellectam
621 3838 704 3894 fuisse
719 3839 748 3892 et
765 3837 825 3907 ipse
842 3840 943 3893 censet.
