2990 4522
750 643 790 712 Β.

182 851 310 928 Quin
331 849 563 934 particula
585 855 693 932 post
716 851 949 932 duplicem
981 853 1347 932 repudiationem

200 1007 310 1053 oum
351 989 489 1053 modo
531 988 820 1051 coniunctivo
860 988 909 1052 in
950 990 1194 1055 enuntiatis
1234 989 1338 1054 sub·

584 1125 750 1190 iunctis
781 1126 942 1212 posita.
1038 1179 1046 1192 ,

270 1348 299 1432 1)
319 1350 427 1435 Atque
449 1351 541 1434 primi
562 1353 692 1435 quidem
719 1352 783 1418 huo
798 1355 949 1435 spectant
977 1352 997 1416 ii
1019 1351 1096 1432 loci,
1121 1351 1177 1418 ubi
1203 1333 1236 1415 iii
1261 1369 1352 1417 sen·

187 1457 319 1522 tentia
355 1457 557 1540 piimaria
587 1459 752 1524 verbum
789 1459 999 1527 sentiendi
1027 1457 1090 1522 vel
1122 1455 1352 1524 declarandi

185 1551 403 1646 (negativa
434 1561 508 1628 scil
543 1564 579 1628 vi
611 1563 860 1647 instructum)
892 1565 1036 1634 occurrit.
1073 1562 1105 1628 A
1133 1555 1249 1628 Plauto
1272 1573 1352 1642 iver·

183 1670 263 1735 bum
314 1667 481 1734 dubitandi
522 1669 587 1734 iere
639 1671 742 1736 solum
787 1671 834 1737 ita
868 1674 1054 1756 usurpatum
1106 1670 1157 1736 oui
1197 1689 1269 1734 oum
1314 1689 1353 1736 ea

184 1775 358 1853 locutione,
390 1775 429 1839 de
460 1795 526 1858 qua
558 1779 718 1858 postremo
746 1776 867 1860 egimus
903 1777 1037 1857 (mirum
1071 1777 1243 1857 φαίη...
1270 1774 1354 1856 dieo)

188 1879 385 1962 aitquantum
408 1882 602 1947 intercedere
623 1881 832 1947 similitudinis
848 1881 937 1948 facile
952 1885 1093 1966 apparet.
1127 1881 1355 1948 Posteriorihus

190 2005 266 2052 vero
285 1986 477 2070 tempon’bus
498 1989 549 2053 hic
570 2007 646 2052 usus
666 1989 796 2053 mirifice
817 1987 1027 2070 amplificatus
1045 1991 1101 2052 est.
1138 1987 1227 2053 Haeo
1247 1989 1355 2052 autem

188 2092 333 2176 exempla
359 2095 470 2157 extant
501 2093 589 2176 apud
618 2093 786 2160 Plautum:
1450 2080 1456 2090 ’

272 2199 306 2279 α)
336 2198 434 2264 Poen.
458 2201 514 2264 181
546 2219 610 2283 sq.:
653 2200 740 2281 Quid
772 2208 807 2266 tu
836 2198 967 2266 dubitas
991 2201 1070 2280 φαίη
1099 2197 1275 2280 extempulo
1300 2195 1359 2264 tibi

190 2305 291 2386 dupli,
314 2307 391 2370 ouri
412 2311 443 2371 et
461 2305 607 2384 homiues,
625 2305 687 2388 sur
707 2305 777 2372 leno
798 2305 881 2371 siet?

270 2411 346 2476 ibid.
359 2412 416 2476 871
428 2432 494 2494 sq.=
522 2412 608 2493 Quo
626 2433 699 2496 erqo
715 2411 846 2478 dubitas
867 2413 944 2493 φαίη
960 2409 1103 2475 lubenter
1122 2416 1175 2475 tuo
1194 2427 1248 2474 ero
1262 2428 1359 2487 meuo,

193 2517 277 2598 quod
289 2519 397 2598 possit
415 2517 535 2599 fooore,
547 2515 659 2600 sociat
679 2519 770 2597 mole,
793 2519 862 2584 eius
882 2515 1022 2583 merito?

272 2646 379 2713 Aului.
405 2649 480 2712 162:
524 2649 610 2729 Quid
631 2647 761 2714 dubitas
790 2650 867 2730 φαίη
890 2648 934 2714 sit
951 2653 1108 2730 paratum
1127 2666 1239 2711 nomen
1257 2664 1360 2726 puero

192 2753 411 2818 Postteumuo?

275 2859 370 2937 Quod
392 2857 540 2924 omnibus
561 2859 626 2923 istis
655 2854 729 2923 loeis
748 2859 975 2940 interrogativa
1000 2855 1097 2922 totius
1117 2851 1237 2940 periodi
1260 2853 1363 2922 forma
1445 2873 1455 2894 ·

194 2967 294 3043 extat,
321 2964 353 3029 id
374 2964 417 3030 ad
438 2963 585 3029 habitum
607 2959 839 3046 peratectioum
863 2961 905 3044 (si
928 2961 1060 3030 iterem
1082 2963 1257 3045 expn'mere
1277 2959 1362 3041 lieet)

193 3070 376 3151 eugendum
398 3069 600 3152 aliquantum
620 3067 745 3133 videtur
767 3066 882 3133 volere.

280 3173 450 3239 Praeterea
461 3173 525 3238 huo
533 3173 652 3244 referet
662 3171 848 3256 Amph.508
857 3191 865 3236 ε
874 3173 911 3237 St
920 3175 1098 3237 istoeooero
1110 3177 1193 3250 eunt,
1206 3170 1364 3236 divinitus

195 3299 258 3343 ηοα
273 3287 384 3359 metuo,
404 3283 481 3361 φαίη
496 3301 583 3345 mooe
601 3281 697 3344 ααοηί
715 3279 801 3344 totae
812 3280 979 3360 suppetiae
997 3279 1088 3342 sient.
1118 3277 1218 3342 Recte
1230 3277 1365 3344 adnotat

195 3385 358 3468 Ussingius
379 3386 479 3468 (adv.
500 3384 609 3468 ssim:
630 3384 798 3450 »Ceterum
819 3404 881 3449 uon
899 3389 1002 3449 metuo
1013 3387 1061 3448 est
1074 3383 1158 3448 idem
1176 3382 1240 3447 iere
1254 3401 1365 3448 acuon

197 3491 323 3571 dubito,
347 3492 445 3557 unde.
466 3493 542 3573 φαίη
563 3492 727 3569 additur‹;
767 3487 898 3556 deindez
941 3490 1031 3573 Capt.
1053 3489 1131 3554 5252
1176 3487 1288 3554 Omnis
1312 3509 1366 3554 reo

192 3597 337 3678 potomst
356 3601 527 3680 perspicue
554 3611 652 3679 ηαφαφ
681 3597 720 3662 oe
742 3597 802 3662 hoe
823 3618 858 3662 re
883 3595 1086 3678 ηαφοιίαηει,
1108 3596 1185 3676 φαίη
1211 3595 1295 3660 mate
1316 3613 1365 3660 oo-

198 3703 303 3768 otdom
336 3711 540 3786 oppetamque
571 3711 693 3787 pestem
729 3704 778 3769 eri
810 3703 911 3768 vicem
937 3701 1064 3768 motum.
1109 3702 1147 3767 ot.
1171 3699 1283 3783 Georg.
1304 3700 1365 3765 lex.

198 3810 259 3876 sub
279 3830 310 3874 v.
332 3811 504 3892 negotium,
529 3811 584 3878 ubi
603 3811 648 3876 sio
667 3809 876 3878 eonvertitur:
916 3809 958 3874 Eo
979 3807 1074 3876 leidet
1095 3807 1210 3890 keinen
1230 3806 1365 3884 Zweifel‚

198 3916 249 3981 ich
270 3916 398 3982 komme
418 3936 484 3982 um.
