2990 4522
777 233 817 297 14

206 453 315 503 veram
335 435 501 502 lectionem
522 436 566 500 sic
586 437 734 502 restitue:
779 437 866 518 Quae
887 441 1063 506 meamhoc
1086 443 1366 528 obsecrentur).

202 543 276 610 ibid.
298 543 375 608 301:
413 543 643 624 Quinetiam.
668 566 724 618 ..3
752 545 828 622 3303
851 546 933 610 508:
976 549 1164 616 Ritschelius
1189 553 1248 635 legi
1280 556 1365 620 vult:

203 653 286 732 Quia
309 650 512 716 concubinam
534 651 642 715 erilem
664 652 854 716 insimulare
875 673 975 720 ansus
997 678 1037 720 es.
1075 657 1137 722 Ista
1158 679 1233 724 vero
1257 681 1365 726 emen·

202 758 287 823 datio
304 778 409 840 neque
426 759 602 824 necessaria
619 763 650 823 et
664 780 767 842 aequo
776 761 927 826 audacior
937 764 1061 830 videtur
1071 787 1138 831 esse
1145 769 1201 852 **).
1225 769 1363 836 Causam

201 866 285 956 enim
307 866 454 948 equidem
482 885 552 946 non
574 867 683 945 video,
713 889 770 933 eur
789 889 809 932 a
831 870 975 934 codicum
994 875 1150 957 scriptura
1170 881 1364 946 recedamus.

200 974 249 1038 Ao
281 975 363 1054 qrcod
393 972 434 1051 C,
466 973 609 1054 quodque
639 974 749 1058 reliqui
779 980 898 1041 tenent.
940 979 1012 1057 Qua
1039 981 1078 1045 de
1095 1003 1202 1052 ‘causa
1231 1009 1290 1071 ego
1321 992 1365 1056 sic

200 1082 352 1146 scribam:
396 1128 433 1143 ..
463 1081 546 1162 quod
575 1082 777 1147 conterminum
804 1085 915 1160 'erilem
940 1134 1069 1152 .....
1110 1091 1142 1155 Si
1163 1114 1239 1159 vero
1261 1102 1364 1164 totum

200 1179 304 1254 locum
326 1189 499 1272 perlegeris,
522 1189 565 1252 ita
579 1190 670 1254 etiam
694 1191 911 1256 membrorum
930 1196 1133 1260 concinnitati
1147 1201 1264 1280 optime
1288 1225 1365 1268 con·

199 1300 259 1365 suli
280 1297 441 1363 concedes.

281 1405 488 1486 Saganistma
524 1404 702 1468 coniectura
736 1383 927 1469 Ritschelius
964 1428 992 1471 v.
1022 1408 1084 1473 uri.
1112 1410 1188 1491 gur.
1218 1413 1278 1477 aer
1318 1416 1361 1480 sa

199 1513 396 1578 emendavit:
440 1513 524 1592 Quin
552 1533 620 1575 cum
649 1511 752 1574 attero
775 1512 1010 1577 adulescentulo
1034 1516 1126 1580 dimit.
1169 1518 1278 1600 Neque
1306 1523 1360 1602 qui

198 1617 359 1686 Bitschelii
388 1619 650 1683 commentarium
681 1619 822 1682 criticum
848 1620 1031 1703 inspexerit,
1062 1623 1219 1690 dubitabit
1239 1626 1270 1688 in
1294 1627 1360 1690 eius

199 1729 304 1810 partes
326 1725 491 1791 discedere.
1159 1713 1163 1720 ⁸

278 1833 341 1899 Mil.
364 1833 439 1915 glor.
462 1833 538 1907 581;
561 1832 638 1908 7793
663 1831 758 1910 1079;
782 1836 876 1912 nnn
901 1837 978 1901 1147
1002 1859 1067 1920 sq:
1098 1825 1182 1918 Qciiu
1205 1841 1299 1902 etium
1322 1888 1329 1902 .
1354 1889 1360 1902 .

201 1943 296 2018 1o773
338 1938 433 2016 1333;
472 1940 560 2004 1386.
615 1941 688 2004 ibid.
719 1941 779 2004 882
809 1943 851 2006 ab
878 1945 1025 2008 omnibus
1054 1946 1225 2010 editoribus
1253 1965 1362 2010 recen-

198 2051 328 2116 tioribus
354 2053 437 2114 recte
467 2050 541 2130 quio
574 2069 590 2112 e
620 2051 723 2126 textu,
755 2069 851 2132 quem
882 2070 1052 2128 vocamus,
1081 2055 1252 2131 remotum,
1284 2053 1362 2133 qnod

197 2159 402 2226 substitutum
423 2163 469 2221 est
512 2155 594 2236 (vide
616 2155 723 2219 adnot.
748 2155 812 2220 crit.
836 2156 925 2238 apud
941 2156 1117 2240 Ritschei.).
1259 2233 1263 2237 .

279 2263 370 2330 Most.
398 2265 473 2339 4563
495 2263 570 2339 5993
594 2253 677 2326 7645
715 2263 799 2342 Quin
824 2269 913 2326 oestro
934 2266 1060 2330 erudibit
1080 2247 1152 2329 esse
1176 2265 1221 2328 iot
1244 2268 1360 2330 uictum-

194 2375 376 2460 perbonam.
433 2371 480 2435 Ita
499 2369 686 2436 Ritschelius
707 2370 857 2434 succurrit
878 2371 951 2435 huic
971 2371 1049 2448 loco,
1072 2369 1125 2433 ubi
1147 2371 1179 2434 in
1201 2372 1359 2435 codicibus

196 2485 356 2550 maximae
377 2480 575 2562 reperiuntur
595 2477 716 2541 turbae.

277 2590 368 2655 Most.
399 2587 475 2660 8243
498 2583 676 2660 9103‘9543
702 2583 790 2646 1084,

278 2698 443 2763 Postremo
464 2693 534 2756 loco
556 2691 646 2754 liceat
666 2689 753 2753 ‘mihi
773 2706 903 2752 monere
925 2688 962 2752 A.
985 2684 1234 2767 Fleckeisenum,
1256 2689 1360 2752 virum

196 2803 475 2876 Plautinissimum‚
498 2819 593 2882 quem
614 2801 697 2862 recte
718 2798 794 2860 dixit
814 2795 1017 2872 Bitscheiius‚
1039 2797 1071 2860 in
1094 2798 1244 2880 opusculo
1274 2799 1359 2879 quod

198 2913 354 2996 inscripsit
364 2911 441 2975 Krit.
458 2903 688 2986 Misceilen***)
703 2925 733 2987 p.
745 2905 785 2968 18
796 2924 864 2986 sqq.
876 2903 951 2967 satis
968 2921 1125 2986 superque
1139 2905 1233 2967 fidem
1245 2903 1360 2980 fecisse,

198 3019 343 3086 omnibus
364 3015 525 3090 illisionis,
549 3013 663 3095 quibus
684 3011 778 3075 etiam
799 3011 989 3075 Bitschelius
1009 3011 1110 3073 terete
1131 3011 1216 3103 pedu,
1240 3017 1361 3074 ecastor

197 3129 290 3210 quin,
328 3123 437 3202 edepol
473 3122 550 3202 quin
577 3118 720 3194 retinuit,
765 3135 952 3200 germanam
984 3136 1050 3180 esse
1077 3103 1264 3198 scripturam
1294 3120 1358 3198 qui.

197 3235 307 3316 Neque
336 3232 426 3296 aliter
455 3228 539 3293 Rud.
562 3228 623 3291 760
655 3226 747 3304 otqroo'
774 3245 831 3306 pro
862 3224 974 3304 atquin
1002 3224 1188 3305 ponendum
1219 3225 1358 3299 videtum
1481 3275 1484 3283 .

198 3341 235 3406 cf.
258 3338 401 3404 Ribbeck
419 3337 438 3399 l'.
462 3336 481 3398 i.
505 3355 535 3417 p.
556 3335 605 3397 11.

199 3500 391 3513 ...----..-.

295 3570 320 3639 *)
342 3569 380 3624 De
399 3564 525 3622 evoealis
543 3562 713 3632 correptione
731 3562 760 3614 in
772 3559 974 3623 terminatione,
995 3576 1066 3626 quae
1084 3561 1126 3612 est
1140 3565 1266 3623 -eruot
1286 3559 1359 3628 apud

197 3666 328 3722 Plautum
351 3679 431 3732 saepe
449 3658 570 3714 admissa
588 3657 620 3712 cf.
639 3655 761 3711 Neuium
780 3653 822 3718 IL,
842 3654 891 3708 391
911 3671 950 3722 sq.

282 3757 326 3826 **)’
340 3739 533 3810 Fleckeisenbs
556 3769 618 3806 oum
637 3745 922 3806 Ritsehelioononnisi
940 3743 1104 3806 dubitanter
1123 3744 1271 3810 consentit,
1294 3747 1359 3816 quin

199 3851 273 3908 enim
290 3849 403 3905 inclusit
419 3847 503 3902 uncis.

263 3944 316 4015 m)
333 3944 495 4013 Programm
512 3939 560 3993 des
579 3936 803 3992 Vitzthumsohen
820 3935 918 4004 Gymn.
937 3933 966 3987 in
987 3933 1118 3998 Dresden‚
1138 3933 1213 3987 1864.
