2990 4522
717 261 738 326 5

145 478 210 541 iam
231 467 432 549 Bendems*)
454 471 539 533 recte
559 465 707 530 intellexit
724 501 773 540 -,
795 466 830 527 ut
851 462 928 543 quin
949 459 1063 524 vocula
1083 475 1155 522 cum
1178 456 1210 520 vi
1231 475 1311 538 qua·

147 583 223 646 dam
247 578 438 642 aiiinnativa
460 575 617 639 sententia
638 573 797 638 efficiatur.
847 568 958 634 Melius
986 567 1062 647 quin
1092 584 1164 630 cum
1188 561 1311 640 vocula,

153 688 305 770 quaeest
328 683 440 765 quidni
445 682 463 745 ?
485 680 617 744 conferri
637 679 770 743 videtur.

232 791 293 855 Sed
315 789 395 854 haec
414 788 583 853 hactenus!

230 897 315 975 lam,
337 899 374 960 ut
398 895 448 957 via
476 913 513 957 ae
541 891 663 955 ratione
685 888 835 972 procedat
856 883 1091 959 commentatio,
1114 901 1187 946 eum
1210 902 1313 960 usum,

149 1005 204 1089 qni
227 1007 259 1068 et
271 1002 436 1084 simplicior
447 1003 492 1064 est
514 1002 546 1062 et
557 997 676 1062 facilior
696 996 738 1060 ad
750 991 981 1076 explicandum,
1003 989 1088 1072 prius
1111 987 1313 1054 absolvamus

150 1111 320 1192 statimque
339 1107 397 1172 sub

719 1499 748 1566 1.

169 1686 249 1752 lie
278 1684 398 1770 quin
423 1680 669 1770 particula
692 1679 744 1749 in
773 1673 1036 1746 enuntiatis
1067 1674 1302 1746 absolutis

659 1809 816 1898 posita

155 2013 296 2075 agamus.
340 1993 459 2056 Deinde
485 2012 560 2057 vero
590 1992 630 2056 ad
659 1993 741 2059 hanc
775 1993 962 2076 particulam
991 1991 1024 2056 in
1046 1991 1216 2056 enuntiatis
1241 1989 1317 2054 sub-

153 2085 268 2166 iunctis
290 2103 474 2182 usurpatam
497 2117 554 2164 nos
574 2104 802 2166 convertemus.

233 2207 268 2271 ln
290 2206 437 2270 omnibus
463 2210 569 2272 autern
596 2208 711 2274 talibus
732 2205 969 2290 quaestionibus
998 2207 1041 2270 ita
1068 2204 1229 2286 agendum
1251 2222 1317 2267 esse

151 2315 292 2392 videtur,
315 2315 481 2396 quoniam,
504 2315 537 2379 id
558 2315 643 2398 quod
664 2315 727 2378 iam
751 2319 871 2380 veteres
900 2313 1030 2396 quidam
1053 2310 1197 2376 homines
1223 2310 1316 2387 docti,

150 2457 188 2466 —
210 2422 293 2485 inter
321 2441 402 2504 qilos
431 2422 557 2488 honoris
587 2442 683 2488 causa
705 2421 909 2505 Apollonium
930 2419 1101 2504 Dyscolum
1122 2417 1247 2502 appello
1267 2453 1316 2497 —‚

151 2529 291 2611 inprimis
313 2532 422 2593 autem
444 2529 648 2593 recentissimi
675 2533 759 2593 recte
789 2529 984 2603 iudicarunt,
1015 2546 1054 2590 ex
1076 2525 1246 2591 enuntiatis
1268 2545 1316 2590 se-

150 2637 263 2701 iunctis
274 2636 381 2700 omnia
393 2656 508 2717 genera
526 2639 595 2700 orta
608 2639 697 2709 sunt3
721 2636 807 2718 qnod
824 2635 866 2700 ad
881 2634 1030 2698 iudicium
1043 2633 1315 2716 comprobandum

151 2763 203 2806 me
237 2763 366 2826 quoqne
403 2743 464 2807 hac
495 2743 712 2807 dissertatione
751 2743 870 2824 aliquid
911 2741 999 2823 parvi
1031 2741 1219 2805 collaturum
1251 2759 1317 2802 esse

152 2869 254 2931 spero.

233 3002 270 3068 A.
312 3003 384 3067 Non
407 3003 499 3086 pauci
519 3003 606 3086 apud
627 3003 778 3067 Plantum
801 3006 927 3067 exstant
948 3003 1017 3081 loci,
1040 3003 1095 3067 ubi
1116 3003 1208 3086 quin
1229 3021 1317 3066 eum
1341 2995 1344 3002 ’

153 3109 462 3190 significatione
483 3129 634 3173 warum
660 3110 795 3174 nicht?
817 3111 853 3175 in
877 3110 1234 3175 enuntiationibus
1255 3129 1317 3172 se-

153 3215 294 3280 iunctis
318 3219 542 3296 usurpatur.
585 3216 706 3294 Quibus
726 3217 1024 3298 interrogationibus
1052 3236 1178 3298 semper
1198 3215 1316 3298 aliquid

153 3323 383 3387 adhortationis
412 3322 461 3385 vel
490 3323 610 3404 imperii
640 3324 830 3407 exprimitur.
875 3325 1016 3405 Iungitur
1041 3328 1149 3389 autem
1181 3326 1258 3403 pecto
1286 3327 1317 3388 et

153 3450 226 3494 cum
248 3429 417 3493 indicativo
440 3429 692 3520 (idquodlonge
713 3431 892 3512 saepissime
909 3429 958 3512 fit)
979 3433 1100 3494 etcum
1119 3430 1318 3494 coniunctivo

152 3537 273 3620 primae
295 3555 457 3618 personae.

252 3829 277 3896 *l
296 3828 451 3893 Benderus‚
478 3829 581 3883 »Ueber
601 3829 700 3898 quin«,
718 3828 1012 3899 correspondenzblatt
1029 3828 1074 3882 fiir
1092 3829 1135 3883 die
1156 3827 1317 3884 Gelehrten·

153 3924 211 3977 und
230 3921 423 3986 Realschulen,
444 3921 504 3986 IX„
526 3923 567 3986 11,
586 3940 612 3991 p.
631 3923 691 3976 256.
