2990 4522
696 241 732 305 17

192 457 296 538 Atqui
326 455 373 517 vir
402 452 514 515 doctus
545 467 610 513 non
643 450 726 510 recle
757 445 943 510 intellexisse
973 443 1097 507 videtur
1117 442 1287 522 Hartungii

110 567 228 641 verba,
258 581 343 644 quae
373 561 453 623 haec
480 558 573 620 sunt:
608 555 742 617 shusser
771 551 843 616 dem
874 551 895 615 d
923 551 962 614 ist
992 551 1096 614 temer
1125 550 1183 614 das
1210 569 1231 613 n
1256 551 1287 613 in

113 676 214 738 dieser
238 665 417 752 (paragog.)
445 664 601 728 Function
627 658 865 742 gebrauohlich‚
892 659 977 722 deun
1008 659 1057 722 hir
1077 657 1194 740 alioqui
1219 657 1285 722 und

119 777 274 859 ceteroqui
302 762 381 838 wird
413 771 497 836 auch
518 769 658 850 alioquin
690 767 758 832 und
790 766 974 848 ceteroquin
995 769 1104 846 gesagt
1135 765 1202 830 und
1237 765 1288 830 fiir

119 888 257 968 atqui-
282 883 401 963 atquin.
439 879 481 942 Es
500 877 570 958 giht
591 877 640 938 ein
665 873 826 955 duppeltes
848 873 934 956 quin,
958 874 1042 936 eines
1064 874 1113 936 tiir
1132 873 1187 954 qui
1204 873 1290 935 -ni

117 992 158 1072 (i)
181 991 254 1054 und
284 990 334 1051 ein
360 988 493 1050 anderes
524 985 556 1046 in
588 981 739 1044 uelchem
769 981 826 1044 das
855 1001 876 1043 n
900 979 967 1044 blos
989 978 1217 1061 ephelkystisch
1240 980 1287 1042 ist.

121 1094 305 1160 Auffallend
326 1093 371 1169 ist,
393 1093 468 1156 dass
483 1109 560 1154 man
583 1088 641 1151 das
663 1087 787 1150 letztere
808 1107 871 1150 von
893 1087 965 1149 dem
987 1088 1126 1148 eisteren
1150 1085 1196 1148 his
1215 1085 1290 1164 jelzt

127 1203 210 1266 noch
232 1201 316 1264 nicht
337 1196 580 1264 unterschieden
604 1195 687 1260 hat«

209 1333 329 1409 Quibus
348 1351 365 1393 e
385 1330 490 1393 verbis
509 1329 585 1390 salis
606 1344 759 1408 apparere
780 1329 855 1407 puto
877 1325 1091 1406 Hartungium
1113 1325 1168 1388 nisi
1192 1325 1223 1387 in
1242 1323 1290 1388 his

123 1440 236 1517 verbis,
261 1458 346 1519 qnae
368 1438 434 1518 ipse
456 1434 565 1498 affert:
590 1432 743 1513 alioquin,
767 1432 963 1512 ceteroquin,
987 1433 1099 1514 atquin
1123 1453 1142 1494 u
1167 1430 1290 1495 literam

117 1547 346 1630 paragogicum
368 1561 434 1606 non
457 1543 585 1617 ducere,
608 1558 712 1620 neque
734 1539 895 1617 iniuria*).
929 1538 975 1600 De
998 1539 1064 1620 ipsa
1086 1542 1194 1602 autem
1218 1557 1292 1620 par-

116 1654 214 1717 ticula
244 1654 340 1732 quin,
363 1650 402 1710 de
425 1667 488 1730 qua
515 1649 566 1711 hic
594 1647 713 1726 agitur,
742 1647 805 1709 tale
831 1646 908 1728 quid
938 1666 978 1710 ne
1009 1646 1137 1726 cogitari
1163 1645 1290 1728 quidem

117 1763 245 1841 potest3
269 1753 435 1836 quomodo
457 1753 536 1815 enim
554 1753 739 1834 significatio
762 1753 827 1818 eius
850 1752 1035 1834 explicanda
1058 1755 1160 1816 esset?

212 1886 249 1946 ln
270 1883 333 1946 hac
355 1901 426 1945 vero
446 1902 478 1946 re
497 1888 576 1948 recte
599 1885 731 1946 sensisse
755 1881 889 1946 Haasius
911 1882 1043 1962 videtur,
1067 1883 1152 1966 quod
1177 1885 1292 1968 duplici

130 1991 254 2071 origine
275 1990 346 2070 quin
369 1989 507 2054 voculam
530 1993 632 2053 ortam
656 2008 723 2052 esse
745 1990 882 2069 negavit,
907 2023 944 2034 -
967 1991 1112 2071 quamvis
1132 2009 1205 2054 eum
1227 2010 1292 2056 non

129 2098 207 2160 satis
229 2102 469 2161 consentaneum
493 2098 552 2160 sibi
574 2116 640 2160 esse
661 2099 779 2180 putem.
824 2097 870 2160 lta
892 2097 977 2160 enim
1000 2097 1117 2178 pergit:
1151 2096 1216 2160 »Da
1239 2100 1292 2180 qui

128 2204 220 2268 theils
240 2205 439 2286 interrogativ
461 2204 554 2268 theils
577 2204 686 2268 relativ
710 2204 758 2276 ist,
782 2222 816 2266 so
841 2205 879 2268 ist
901 2203 967 2268 dies
990 2202 1073 2266 auch
1095 2205 1201 2286 quin«

205 2337 287 2414 Quid
318 2338 415 2399 vero?
459 2334 572 2398 Nonne
600 2337 632 2397 in
661 2335 708 2396 his
736 2334 839 2398 verbis
867 2334 984 2416 duplex
1007 2335 1159 2400 derivatio
1191 2338 1293 2402 inest?

124 2444 197 2506 Mihi
228 2443 357 2524 quidem
386 2443 521 2506 videtur.
565 2442 646 2504 Nam
678 2461 742 2522 quo
770 2443 911 2523 tempora
944 2442 1020 2520 quin
1049 2443 1203 2524 particula
1226 2449 1295 2510 orta

126 2555 188 2628 est,
207 2551 284 2632 quid
317 2552 398 2612 inter
431 2567 541 2611 vocem
575 2549 831 2630 interrogativum
865 2553 896 2612 ct
928 2549 1092 2614 relativam
1124 2553 1293 2628 interesset,

122 2659 270 2721 homiues
300 2658 427 2720 Latinos
455 2656 586 2718 sensisse
613 2675 708 2718 nenio
730 2657 803 2730 erit,
842 2658 895 2738 qui
923 2657 1083 2721 infitietur.
1126 2658 1296 2725 Praeterea

123 2769 232 2828 autem
265 2765 358 2827 istam
382 2761 557 2842 explicandi
580 2762 735 2824 rationem
764 2781 828 2824 non
861 2763 954 2826 modo
983 2783 1048 2827 non
1078 2766 1296 2838 necessariam,

125 2872 180 2934 sed
203 2872 300 2934 etiam
322 2870 451 2932 minime
474 2867 668 2931 tolerabilem
693 2887 758 2932 esse
781 2869 825 2944 iia,
849 2889 931 2950 quae
953 2875 1138 2951 sequuntur,
1162 2869 1296 2932 studebo

126 2978 255 3041 uberius
276 2977 502 3039 demonstrare.

210 3109 245 3170 ln
265 3127 336 3189 pag.
351 3108 420 3170 57o.
444 3111 610 3189 postquam
636 3109 710 3185 quin
733 3106 819 3167 verbi
842 3107 873 3168 in
894 3106 1063 3168 enuntiatis
1078 3106 1180 3169 liberis
1194 3126 1297 3181 usum,

125 3250 167 3258 —
191 3215 244 3278 ubi
269 3215 396 3295 quidem
420 3215 538 3292 origine
560 3234 632 3276 cam
654 3233 719 3276 esse
741 3211 966 3292 interrogativa
988 3213 1108 3287 statuit,
1133 3247 1170 3254 ψ
1193 3213 1296 3292 attigit

124 3321 246 3404 paucis,
268 3319 403 3383 Haasius
424 3340 492 3383 rem
515 3321 562 3383 his
583 3320 686 3382 verbis
708 3320 922 3400 persequitur:

214 3425 287 3490 »Ais
310 3426 488 3490 Relativum
521 3427 598 3488 wird
630 3419 706 3507 quin
733 3422 908 3504 gebraucht
936 3426 968 3487 in
998 3424 1058 3486 den
1089 3422 1211 3502 F'aillcn,
1242 3446 1296 3488 um

125 3534 249 3597 welche
279 3553 311 3595 es
327 3533 405 3596 'sich
434 3533 501 3597 hier
530 3533 695 3613 eigentlich
720 3529 859 3594 handclt.
902 3530 1060 3593 Zuuitchst
1086 3531 1225 3594 entsteht
1247 3533 1296 3594 die

124 3641 246 3720 Frage,
279 3659 399 3702 warum
431 3660 463 3702 cs
487 3661 546 3703 nur
570 3642 625 3702 mit
648 3636 921 3715 vorhergehender
944 3635 1097 3716 Negation
1121 3637 1296 3717 gebraucht

178 3831 231 3838 ,⁴-
242 3829 320 3835 --.-..

232 3923 257 3992 ¹⁶)
283 3923 315 3976 cf.
336 3923 457 3975 Ribbeck
477 3923 494 3975 l.
514 3922 530 3974 l.
550 3941 575 3990 p.
601 3926 627 3972 lit
646 3939 704 3989 sqq.
736 3893 739 3903 ‘
