2990 4522
769 205 810 280 a
932 226 938 236 a

293 405 366 470 ibid.
388 405 448 470 887
470 426 560 490 saep:
602 407 710 488 Neque
736 429 783 470 ma
809 410 974 490 perpetiar
994 411 1108 490 probri
1128 413 1216 488 falso
1237 416 1370 480 lusimu-

216 512 331 591 lotam‚
359 515 437 594 quia
460 534 514 592 epo
535 513 627 578 illum
648 518 705 578 aut
725 513 869 578 deseram
893 524 950 580 ortt
970 517 1074 592 faciat
1096 521 1179 583 satis
1202 520 1257 586 itta
1279 530 1369 603 atque

215 619 345 686 adiuret
367 622 506 700 iusuper.

297 750 423 814 Trucrd.
447 751 525 814 143:
567 750 620 814 Aa
644 757 677 815 tu
699 751 773 816 baua
793 753 1058 831 rempublicam
1080 762 1136 820 out
1159 779 1281 823 amores
1302 759 1373 824 aa

211 857 275 939 tape
295 857 410 922 labero
425 877 521 936 possa
542 858 705 937 postulae,
735 861 810 939 quia
839 860 958 924 otiosus
979 861 1073 940 stas?
1113 863 1173 928 lta<
1188 864 1371 948 Geppertus.

210 964 272 1028 Sed
301 964 401 1028 multo
429 965 556 1047 propius
586 965 628 1030 ad
656 966 799 1032 codicum
826 966 1010 1031 memoriam
1033 968 1217 1051 Spengeliue
1243 974 1372 1051 accedit,

211 1071 265 1156 qui
292 1072 335 1136 sic
364 1069 455 1136 scribi
484 1071 567 1135 vult:
598 1052 654 1136 Aa
678 1079 713 1136 tu
742 1081 770 1137 ta
799 1073 928 1138 Veueris
955 1073 1116 1154 publicum
1146 1085 1203 1141 aaa
1241 1081 1373 1146 Amoris

210 1179 279 1242 otia
310 1178 376 1259 lepa
406 1177 520 1243 labara
552 1227 716 1243 ......
737 1179 833 1244 Cuius
873 1179 1061 1246 sententiam
1099 1201 1195 1262 quam
1234 1187 1372 1251 maxime

213 1285 357 1368 equidem
381 1284 561 1367 comprobo.
603 1285 687 1367 (vide
709 1287 783 1350 adn.
806 1287 950 1369 Spengel.
972 1286 1049 1364 adl,
1064 1287 1092 1365 t,
1114 1288 1268 1371 39-40.).

293 1416 420 1480 Trucul.
442 1416 522 1480 529:
561 1416 743 1482 Paenitetne
765 1425 794 1482 ta
815 1427 889 1498 quot
914 1419 957 1481 mi
980 1417 1117 1482 aurillac
1138 1419 1220 1482 sia‘rrt
1238 1423 1268 1499 l,
1292 1425 1370 1500 qum

209 1526 304 1590 etiam
324 1527 456 1604 iusuper
477 1531 512 1587 tu
534 1523 693 1602 adducas,
721 1545 802 1606 quoa
829 1525 906 1588 mila
935 1525 1088 1588 comedim
1115 1525 1240 1590 eibum?
1282 1525 1370 1590 Haec

208 1631 411 1696 commendat
431 1630 623 1712 Geppert11S‚
651 1631 835 1712 Spengelius
860 1651 988 1713 prorsus
1017 1631 1080 1694 alia
1100 1631 1229 1696 metrica
1248 1633 1370 1702 ratione

208 1739 397 1804 constituta:
430 1736 613 1801 Potuitetua
631 1737 660 1800 ta
675 1745 750 1818 quot
768 1736 905 1802 auctttds
918 1737 1004 1800 alam
1023 1736 1028 1816 1
1047 1787 1054 1814 ,
1072 1740 1127 1817 qui
1138 1739 1234 1801 etiam
1246 1739 1369 1803 alienas

208 1845 465 1925 superadderes,
497 1843 676 1925 quaemihi
698 1844 852 1909 comedint
874 1841 1003 1907 cibum?
1042 1842 1176 1907 Sedhic
1197 1843 1371 1909 locustam

208 1951 323 2018 dubius
352 1955 412 2028 cst,
443 1954 479 2014 ut
507 1970 565 2032 ego
594 1953 715 2014 certum
744 1951 785 2014 de
813 1971 852 2014 eo
869 1951 1019 2015 iudicium
1040 1951 1120 2014 ferre
1137 1967 1203 2014 non
1225 1951 1371 2016 audeam,

205 2059 347 2123 Forsitan
379 2062 493 2122 autem
525 2057 606 2121 haec
639 2056 730 2121 lectio
768 2058 868 2138 magis
906 2058 1047 2138 placeat:
1117 2057 1300 2122 Paenitetne
1344 2061 1373 2123 te

207 2171 283 2246 quot
302 2165 439 2230 ancilliae
454 2164 540 2230 olom
560 2165 589 2244 t,
614 2163 698 2244 Quia
719 2171 751 2226 et·
765 2169 798 2227 tu
812 2164 857 2226 mi
877 2164 1009 2244 iusuper
1031 2164 1176 2229 adducas
1198 2166 1371 2246 quaemihi

208 2272 360 2336 comedi-ut
381 2271 510 2336 cibum?
553 2271 760 2353 Quamquam
788 2289 855 2334 non
875 2271 994 2348 nescio,
1023 2291 1100 2336 num
1123 2281 1152 2337 at
1174 2272 1289 2336 hocin
1312 2291 1369 2335 usu

206 2378 322 2442 Plauto
333 2377 434 2455 fuerit,
456 2381 493 2442 ut
507 2377 678 2460 particulae
697 2378 793 2441 aliam
805 2378 946 2458 partibus
966 2379 1158 2460 fungeretur,
1173 2379 1266 2442 valde
1279 2378 1370 2442 dubi-

207 2486 268 2550 tari
286 2505 393 2568 possm
412 2485 531 2566 deque
548 2504 583 2547 re
601 2485 639 2548 et.
651 2483 813 2547 Betbachii
828 2483 1088 2562 dissertationem,
1108 2506 1205 2566 quarn
1217 2485 1372 2566 inscripsit

207 2593 421 2656 Grammatico
441 2591 606 2667 Plautina,
635 2609 717 2672 spec.
738 2589 893 2671 primurn:
931 2588 977 2652 De
1005 2590 1161 2670 particulis
1187 2591 1370 2673 copulativis

207 2719 237 2781 p.
257 2698 378 2780 7sqq.;
401 2701 433 2761 et
453 2697 651 2762 Lachmanni
673 2697 780 2760 adnot
805 2696 847 2760 ed
867 2696 989 2760 Lucret.
1010 2715 1040 2778 p.
1064 2695 1123 2759 389
1135 2715 1181 2778 sq.
1222 2697 1370 2761 Ceterum

207 2806 336 2869 lectores
356 2805 397 2868 ad
420 2804 566 2887 Gepperti
596 2807 628 2867 et
649 2802 796 2885 Spengeli
816 2802 1036 2866 adnotationes
1056 2803 1195 2886 criticas,
1223 2823 1303 2884 quas
1329 2804 1370 2866 illi

207 2910 276 2975 loco
298 2911 524 2994 adposuerunt,
544 2911 683 2975 reiecisse
705 2910 780 2973 satis
803 2909 915 2974 habeo.

288 3044 415 3108 Trucul.
439 3045 520 3108 895:
564 3042 745 3122 Numquam
765 3043 821 3107 looc
841 3064 903 3107 uno
927 3044 978 3108 die
999 3042 1160 3122 afficiatur
1184 3061 1272 3121 opus,
1293 3045 1370 3121 quta

202 3171 288 3232 apua
308 3171 430 3232 semper
453 3153 521 3216 siet.

288 3286 394 3352 Aulul·
409 3287 464 3352 111
477 3306 542 3369 sq.:
575 3285 661 3348 Nam
681 3304 744 3348 riou
763 3290 810 3350 est
829 3282 1001 3348 uerisimile
1023 3281 1177 3348 homiuem
1197 3305 1370 3363 pauperem

202 3395 388 3474 portellium
407 3394 504 3472 parvi
523 3395 638 3470 facore,
661 3393 738 3472 quia
758 3411 917 3456 mmmmm
936 3396 1035 3470 petat.

289 3525 361 3590 ibid.
389 3525 445 3589 tlt)
464 3546 550 3608 sqq.:
593 3525 646 3588 ltu
676 3531 851 3606 aequomst,
881 3525 965 3606 quod
996 3525 1029 3586 iu
1056 3546 1119 3587 ram
1148 3545 1213 3587 csse
1245 3527 1368 3606 utrique

207 3634 418 3710 arolrreuar,
442 3640 471 3696 at
494 3632 570 3696 ruila'
601 3637 630 3696 ta
658 3639 687 3696 at
716 3632 773 3696 tibi
794 3653 841 3694 ure
868 3632 1030 3698 consulere
1062 3639 1090 3696 at
1121 3653 1243 3694 mormra
1274 3654 1370 3711 oreque

207 3741 361 3804 occultum
384 3741 418 3802 ro
439 3740 551 3802 haberi
571 3760 669 3819 aeque
684 3741 930 3815 metamussori,
951 3741 1027 3818 auia
1039 3741 1227 3818 participem
1243 3741 1371 3818 pariter

206 3868 260 3930 epo
283 3853 311 3911 tc
333 3853 363 3910 at
385 3854 419 3964 tp
441 3867 488 3909 ma
510 3853 545 3910 ut
563 3847 681 3921 faciae.
