2990 4522
733 311 774 382 to

160 524 312 593 meretrix
340 523 451 588 audire
479 527 654 589 amatorem
687 543 814 588 caussas
845 523 1044 601 afferentem,
1073 537 1188 606 quare,
1214 528 1239 591 si
1268 545 1334 592 non

156 629 322 711 largiatur,
341 649 406 694 non
422 631 538 694 debeat
552 649 624 694 eum
640 630 738 694 eicere
758 633 789 694 et
805 631 937 694 domum
959 631 1128 708 remittere,
1149 635 1185 696 ut
1200 633 1331 699 militem

158 737 427 820 infrequentem«,

245 893 392 958 Similiter
414 895 598 976 comparata
621 896 668 958 est
689 911 727 956 ea
745 892 877 970 locutio,
899 911 964 975 qua
984 892 1148 960 discessuri
1170 915 1330 962 nonnum-

158 1019 260 1082 quam
288 1003 422 1064 utuntur
448 1000 533 1081 apud
556 1003 665 1082 poetas
686 999 837 1064 comicos:
882 1000 1037 1080 uurrrquid
1062 1000 1142 1081 (αα)
1176 1004 1225 1068 uis
1253 1006 1330 1086 quiu

160 1105 332 1189 (obeum)?
364 1123 461 1188 quarn
493 1106 537 1170 sic
565 1106 836 1188 interpretandam
868 1125 995 1171 censeo:
1040 1107 1144 1173 Wilist
1173 1108 1217 1174 du
1247 1111 1331 1176 noch

160 1217 261 1278 etwas
279 1231 343 1276 von
363 1211 432 1290 mir,
457 1209 598 1276 weshalb
618 1212 668 1276 ich
688 1211 776 1276 nicht
797 1212 969 1294 weggehen
984 1213 1095 1278 kannt
1117 1214 1180 1280 vel:
1201 1264 1208 1280 .
1234 1265 1241 1280 .
1264 1237 1331 1282 was

160 1320 245 1386 mich
275 1318 458 1383 verhindert
488 1319 725 1400 wegzugehent
777 1319 874 1401 Apud
900 1319 1051 1385 Plautum
1085 1341 1123 1386 ea
1155 1323 1329 1388 invenitur:

159 1424 277 1509 Αωρὴ.
299 1425 379 1488 970:
400 1425 582 1514 Numquid
609 1427 659 1490 oia
688 1427 766 1507 quio
795 1425 903 1490 obeam
931 1427 1030 1504 iutro,
1064 1433 1100 1494 ut
1130 1436 1330 1510 appareatur

161 1531 276 1615 quibus
309 1531 426 1612 oprtet?
468 1531 631 1614 Ussingius
667 1533 818 1597 adnotat:
862 1532 1026 1616 Numquid
1062 1532 1108 1598 vis
1137 1533 1231 1617 quin,
1262 1536 1280 1599 i.
1304 1556 1330 1599 e.

164 1659 228 1722 quo
248 1657 363 1703 minus.

245 1765 318 1832 uto.
338 1770 360 1848 1,
385 1769 411 1847 1,
437 1769 513 1832 119:
559 1768 725 1850 Numquid
745 1790 793 1836 mc
815 1770 872 1849 uis,
896 1771 981 1835 iutro
1005 1771 1082 1851 quiu
1105 1772 1203 1836 com?
1318 1813 1320 1820 ,

232 1899 363 1966 -Deinoe
385 1901 419 1964 hi
439 1900 500 1964 loci
519 1901 595 1964 sunt
614 1899 786 1964 afferendi:
827 1899 898 1964 Cas.
921 1902 981 1965 606
1002 1921 1086 1984 sqq:
1126 1901 1244 1968 Tribus
1264 1923 1325 1967 riou
1402 1917 1406 1924 ’

162 1991 292 2072 οοαᾱαα
316 2007 440 2088 possim
473 2006 704 2085 libertatibus„
723 2007 800 2087 quiu
832 2008 1007 2087 oqododic
1049 2009 1118 2074 iltis
1150 2029 1325 2090 comparem

159 2099 306 2196 maqicum
344 2113 464 2178 motum
494 2115 632 2194 quicque
667 2112 748 2176 imm
778 2133 896 2178 orum-m
922 2135 988 2179 rouo
1018 2135 1105 2179 :neoc
1135 2115 1230 2180 derue
1261 2117 1325 2180 ium

149 2220 278 2303 furium
305 2215 445 2300 polam«
482 2220 519 2284 In
545 2220 644 2284 verbo
674 2219 872 2284 conducendi
900 2220 987 2284 notio
1016 2220 1093 2284 latet
1120 2221 1326 2303 prolribendi3

156 2327 232 2392 item
254 2326 287 2396 in
306 2325 460 2408 exemplo,
482 2325 569 2410 quod
590 2324 697 2390 statim
718 2325 869 2406 sequitur,
892 2345 942 2390 res
963 2346 996 2390 se
1018 2325 1133 2392 habet:

237 2456 321 2522 Men.
349 2457 411 2520 418
431 2476 494 2537 sq:
542 2456 723 2537 Numquam
759 2475 806 2520 mc
833 2455 942 2536 edepol
974 2457 1143 2538 quisquam
1174 2458 1327 2537 conrodit,

157 2565 235 2646 quio
253 2570 326 2630 tuoe
340 2563 435 2628 uxori
455 2583 521 2627 rem
542 2581 661 2627 ouzucm
676 2563 750 2640 ium,
767 2568 802 2627 ut
819 2563 968 2644 sitqesto,
990 2563 1143 2646 eloquor:
1165 2564 1325 2630 Niemand

156 2672 235 2738 wird
257 2669 462 2734 mich'durch
485 2669 589 2734 Bitten
609 2669 771 2748 abhatiam
796 2669 845 2734 die
866 2689 964 2751 ganze
986 2670 1087 2736 Sache
1109 2691 1148 2735 zu
1169 2671 1325 2736 erziihlen.

238 2825 326 2890 Asin.
350 2825 389 2890 25
410 2845 477 2907 sq:
520 2825 574 2890 ltu
606 2825 762 2890 obstinate
790 2824 987 2907 adquessu'S,
1017 2833 1052 2892 ut
1088 2849 1151 2892 uou
1188 2828 1325 2894 audeam

152 2931 297 3013 prosecta
313 2932 518 3013 percoutouti
541 2932 618 3011 quiu
638 2951 786 3010 proneam
808 2933 923 2996 omnio.
969 2931 970 2934 ’

161 3079 164 3088 ’
214 3085 311 3151 ibid.
338 3085 397 3150 104
417 3105 484 3168 sq:
527 3083 588 3150 Est
617 3091 712 3166 atquc
738 3105 801 3150 uou
831 3093 877 3150 cst
905 3087 984 3151 midi
1012 3087 1046 3151 iu
1068 3107 1179 3166 ruouu,
1211 3086 1324 3168 Mequ-

153 3192 300 3258 roridos:
342 3193 419 3274 quiu
450 3193 561 3256 dicuat
594 3211 656 3255 uou
681 3197 746 3269 αα·
780 3194 893 3257 rricrito
919 3199 955 3257 ut
982 3213 1021 3257 uc
1043 3193 1169 3271 dicuat,
1202 3194 1324 3258 idest:

154 3348 163 3364 .
185 3347 192 3362 .
216 3348 223 3363 .
245 3300 319 3365 dass
346 3299 392 3364 sie
421 3319 454 3363 es
475 3300 563 3363 nicht
584 3317 698 3380 sagea,
728 3298 812 3362 habe
839 3298 891 3362 ich
913 3297 1001 3365 nicht
1020 3300 1053 3364 in
1077 3300 1134 3364 der
1154 3298 1251 3364 Hand
1273 3298 1323 3380 (zu

153 3403 372 3487 verhindern);
394 3403 578 3488 gravissima
592 3407 699 3468 autern
721 3403 891 3469 affirmatio
913 3401 964 3468 hic
984 3423 1042 3469 suo
1060 3405 1128 3470 ioco
1150 3408 1197 3469 est
1219 3425 1324 3488 neque

152 3511 215 3576 alia
235 3512 390 3594 particula
411 3512 529 3596 pariter
549 3529 587 3574 ac
608 3511 685 3592 quiu
705 3510 890 3574 efficeretur.

234 3665 412 3732 Trinumm.
433 3667 493 3730 729
514 3686 577 3748 sq.:
626 3661 666 3731 Ut
686 3665 765 3730 mihi
785 3687 852 3730 rem
872 3685 1008 3745 norror,
1037 3663 1205 3744 Callicles,
1234 3666 1323 3730 uuilo

150 3773 242 3838 modo
263 3778 369 3855 potest
393 3773 472 3855 ficri
500 3793 640 3854 prorsus
669 3773 747 3854 quio
777 3772 835 3836 dos
863 3771 956 3836 detur
984 3772 1120 3854 oirqiai:
1164 3769 1205 3835 Es
1234 3772 1323 3836 kann

151 3879 238 3944 nieht
263 3897 464 3962 umgangen,
492 3878 580 3944 nicht
608 3879 804 3944 unterlassen
832 3878 981 3957 werden,
1011 3897 1088 3944 man
1115 3880 1202 3943 kann
1237 3879 1323 3943 nicht

151 3985 283 4066 ambio,
308 4005 345 4050 zu
369 4034 376 4049 .
400 4032 408 4049 .
431 4007 456 4061 .;
490 3985 577 4050 initio
610 4005 686 4052 vero
704 3986 758 4051 ita
788 3986 852 4050 tere
883 3985 1097 4068 cogitabatur:
1138 3985 1202 4050 Das
1233 3985 1322 4050 kann

1137 4090 1153 4148 5
1256 4109 1264 4126 ι
