2990 4522
718 221 760 288 23

138 440 157 484 a
177 423 422 488 recentioribus
445 423 616 488 editoribus
644 443 702 488 suo
721 426 790 506 jure
812 423 933 506 integer
955 428 1002 488 est
1023 428 1174 490 servatus.
1216 427 1323 510 Atque

140 530 298 610 optimam
332 533 532 595 sententiam
562 531 636 594 inde
655 533 721 594 erui
742 551 834 613 posse
856 531 936 594 infra
955 532 1131 613 apparebit.
1174 531 1322 598 Ceterum

139 633 220 698 Frid.
251 636 455 702 Ritschelius
487 639 529 702 ad
559 639 645 702 lmne
678 638 781 702 locum
811 638 859 718 (v.
882 639 942 704 283
971 657 1047 702 suae
1075 637 1142 719 ed.)
1171 640 1322 704 adnotat:

143 747 288 810 »nescios
323 749 529 829 repugnante
565 749 668 810 metro
697 745 833 808 Haasius
865 745 897 808 in
917 743 1031 826 Reisig.
1059 745 1156 809 schol.
1186 765 1321 827 gramm.

142 871 170 932 p.
186 853 252 916 580
275 873 349 935 δεμ

223 983 374 1048 Haasius
394 983 506 1065 pergit:
541 983 622 1046 »Der
642 983 810 1046 Ausdruck
831 981 886 1045 des
908 981 1058 1047 Claudius
1081 983 1320 1066 Quadrigarius:

146 1107 244 1166 paene
267 1091 396 1154 factum
419 1094 466 1152 est
491 1091 568 1170 quin
591 1093 693 1152 castra
713 1089 924 1171 relinquerent
945 1093 1041 1173 atque
1060 1091 1209 1155 cederent
1230 1091 1321 1170 hosti,

149 1193 250 1258 schlen
272 1198 380 1261 sehon
403 1197 475 1260 dem
499 1195 615 1259 Gellius
636 1194 729 1272 XVII,
751 1195 788 1258 13
811 1195 1048 1260 unerklarlich«.

227 1303 406 1388 Praeterea
417 1304 503 1366 hunc
514 1302 710 1383 Quadrigarii
729 1302 842 1381 locum,
860 1322 955 1386 quem
968 1303 1041 1366 dicit
1054 1303 1320 1382 obscurissimum,

149 1404 265 1471 Gellius
286 1411 332 1473 ibi
352 1409 516 1492 proponit:
540 1409 675 1473 Itouraia
693 1411 796 1488 verrit,·
812 1412 867 1472 cir
886 1417 1025 1488 superet,
1046 1411 1122 1488 orriri.
1140 1411 1320 1489 triumplrns

147 1511 364 1580 decernetur:
376 1516 466 1594 Quae
484 1535 533 1578 res
544 1535 743 1599 quamquam
757 1517 819 1580 lme
836 1535 900 1580 non
915 1516 1059 1597 pertinet,
1071 1519 1180 1579 taruen
1192 1517 1223 1579 id
1234 1537 1320 1580 eom-

27 1653 28 1656 =
149 1622 360 1698 memorabo,
390 1623 470 1687 haee
501 1622 644 1705 exempla
676 1643 741 1686 non
764 1622 901 1687 difficilia
927 1607 975 1686 ad
991 1621 1211 1704 explicandum
1243 1624 1320 1686 mihi

155 1723 295 1802 quidem
314 1728 424 1802 videri:
446 1749 520 1793 nam
544 1731 575 1793 in
598 1731 699 1811 priore
712 1730 786 1808 illo,
803 1731 890 1812 quod
912 1731 991 1794 inest
1011 1751 1111 1810 praeno
1127 1730 1251 1808 fection
1273 1737 1320 1794 cst

160 1827 323 1894 lereidem
335 1833 477 1914 significat
495 1857 532 1899 oc
545 1857 605 1898 non
618 1837 750 1899 intritum
763 1835 882 1914 uberat,
904 1837 936 1899 in
953 1837 1014 1900 hoc
1035 1844 1166 1915 superat
1188 1837 1256 1919 peri
1275 1842 1322 1900 est

164 1932 195 1994 vi
217 1952 255 1998 ac
277 1939 394 2018 repellit
413 1942 673 2006 aduersariorum
695 1945 816 2006 sortitas
836 1943 886 2006 vel
908 1941 970 2006 tale
987 1943 1115 2025 aliquid.
1151 1942 1320 2020 Quomodo

163 2055 237 2103 vero
258 2045 402 2111 eiusmodi
424 2068 499 2112 usus
522 2051 562 2112 sit
579 2053 676 2126 ortus,
698 2050 742 2127 ile,
762 2069 845 2131 quae
859 2053 968 2132 postea
981 2069 1149 2139 exponam,
1172 2053 1319 2132 apertum

157 2143 224 2210 fore
243 2169 340 2234 spero.
385 2153 609 2220 convertenda
632 2160 706 2220 sunt
735 2155 787 2219 illa
808 2156 953 2237 exempla
974 2155 1151 2220 Claudiana
1172 2156 1216 2219 sic
1239 2156 1318 2220 fere:

156 2253 353 2325 ›Beinabe
384 2253 490 2324 ¹:verre
523 2281 560 2326 es
593 2262 846 2343 geschehen,
877 2263 1057 2326 dass-sie
1085 2263 1157 2326 das
1188 2263 1319 2344 Lager

153 2364 409 2444 verliessen,‹
440 2371 491 2430 et:
524 2369 590 2432 »Er
618 2369 770 2432 kommt
802 2369 906 2433 nach
927 2369 1042 2442 Rom:
1074 2369 1192 2432 kaurn
1214 2373 1320 2435 setzl

154 2485 249 2536 eres
273 2475 417 2551 durch,
439 2475 533 2538 dass
554 2475 634 2540 ibru
655 2475 928 2557 einTriumph
950 2476 1167 2540 zuerkannt
1188 2477 1317 2540 wird«.

230 2605 294 2670 Sed
317 2605 359 2668 ad
382 2605 534 2670 Haasium
556 2607 739 2671 redeamus:
784 2607 858 2672 »Bel
879 2607 952 2670 dem
974 2607 1096 2671 Auctor
1115 2609 1150 2670 B.
1170 2608 1206 2670 G.
1232 2607 1316 2681 Vlll,

151 2705 203 2772 19:
247 2713 343 2776 Nulla
365 2713 544 2777 calamitate
575 2713 675 2777 victus
698 2711 832 2778 Correus
853 2715 1003 2778 excedere
1024 2715 1140 2796 proelio
1162 2714 1317 2795 silvasque

148 2821 257 2894 petere
285 2822 342 2883 aut
370 2820 576 2884 invitantibus
604 2821 717 2884 uostris
745 2820 786 2884 ad
816 2821 1009 2884 deditionem
1036 2819 1151 2884 adduci
1181 2822 1316 2900 poterat,

148 2925 226 3004 quin
256 2927 422 2990 fortissime
449 2927 631 3008 proeliando
658 2932 782 3009 cogeret
809 2928 909 2992 elatos
936 2927 1098 2991 iracundia
1125 2928 1259 2990 victores
1284 2925 1316 2990 in

148 3045 181 3093 se
203 3036 270 3099 tela
288 3034 455 3108 conicere:
478 3035 546 3098 hier
566 3035 666 3116 lr'angt
687 3035 745 3098 das
767 3037 844 3116 quin
866 3035 954 3099 nicht
969 3053 1032 3098 von
1051 3034 1167 3098 adduci
1183 3035 1235 3111 ab,
1259 3035 1316 3098 das

146 3141 233 3206 selue
256 3141 437 3222 Bezielrung
458 3143 501 3205 im
524 3141 810 3222 Vorlrergelrenden
829 3141 902 3218 hat,
931 3142 1068 3206 sondern
1091 3161 1123 3205 es
1143 3144 1220 3204 setzt
1241 3140 1315 3202 viel-

148 3250 240 3312 mehr
265 3248 341 3312 alles
363 3247 630 3328 Vorhergehende
651 3247 697 3311 als
718 3249 811 3311 einen
832 3249 951 3330 Begriff
975 3267 1106 3326 vorans,
1135 3249 1168 3311 in
1196 3247 1313 3311 diesem

147 3351 265 3418 Sinne:
309 3354 350 3417 Es
371 3355 514 3418 konnten
541 3355 631 3418 keine
655 3355 810 3420 Versuche
838 3356 986 3436 gemacht
1009 3357 1150 3432 werden,
1179 3353 1233 3418 ihn
1261 3373 1316 3418 zur
1422 3366 1423 3369 ’

147 3459 318 3544 Ergehung
339 3482 378 3526 zu
398 3461 552 3542 bringeri,
582 3461 665 3525 ohne
692 3463 765 3524 dass
786 3481 819 3524 er
838 3461 1100 3543 dessungeacbtet
1120 3462 1256 3526 fortluhr
1277 3481 1316 3524 zu

146 3566 328 3651 temptem.
496 3654 499 3659 Ι

229 3675 277 3740 Ita
318 3695 394 3744 vero
435 3674 522 3739 notio
563 3675 709 3752 infertur,
752 3693 833 3754 quae
876 3675 1005 3740 minime
1049 3675 1129 3738 inest
1170 3674 1202 3736 in
1253 3673 1314 3736 hoc

146 3784 328 3857 enuntiato:
350 3783 436 3863 quod
456 3781 540 3845 enim
561 3782 696 3845 Haasius
717 3781 791 3844 dicit
814 3780 1038 3845 »Versuche
1059 3781 1260 3857 macheu«,
1283 3780 1313 3843 id

147 3888 199 3952 hic
225 3909 387 3972 nusquam
409 3890 538 3972 reperio.
582 3887 682 3950 lmnro
710 3887 844 3963 Haasio,
869 3887 895 3950 si
924 3887 1054 3968 quidem
1083 3886 1141 3950 sibi
1169 3890 1314 3952 constare

147 3995 290 4076 volebat,
320 3981 405 4060 loeus
432 3997 478 4060 ita
505 3998 574 4060 erat
602 3994 789 4058 vertendus:
831 3992 879 4058 Er
909 3993 1063 4058 konnte
1101 3995 1216 4058 nicht
1247 4011 1314 4056 zur
