2990 4522
714 226 752 290 13

139 437 309 518 Ussingius
328 454 404 498 vero
424 434 493 499 sine
513 431 579 497 ulla
601 449 697 495 cause
714 430 759 496 ita
780 431 899 494 mutat:
923 477 930 493 .
953 477 961 492 .
984 435 1194 511 conreqaatar
1215 437 1310 512 atque

141 543 393 607 incommodi..
418 590 425 602 .
450 589 457 603 .
500 537 745 620 Argumentatio
774 540 900 613 autem,
928 555 1026 620 quam
1055 537 1097 602 ad
1119 537 1308 604 fulciendam

145 653 331 734 scripturam
352 667 445 712 suam
467 648 500 711 in
523 645 730 713 adnotatione
751 643 794 708 ad
815 643 902 708 hunc
916 643 1020 710 locum
1042 643 1084 726 (r.
1094 644 1152 709 631
1165 663 1215 728 ap.
1226 645 1308 729 Uss.)

148 759 271 842 profert,
292 773 485 837 magnopere
507 753 587 818 mihi
609 751 759 834 displicet.

226 888 312 952 Men.
344 887 419 961 6343
450 885 509 950 687
532 904 598 967 sq.;
626 881 701 958 806;
730 881 806 958 896ς
836 881 913 962 894;
949 883 1050 964 1051;Ι
1076 883 1173 950 1058:
1224 883 1308 966 Qatn

144 997 389 1062 certissimamsl
417 998 517 1073 mepte
543 991 656 1072 polias
680 989 757 1071 fleri
796 1009 932 1068 cavom,
973 1011 1068 1072 qaam
1102 997 1130 1056 tc
1159 1013 1306 1074 amporam

147 1105 289 1169 emittam
298 1122 398 1166 monn.
432 1099 521 1164 Haec
540 1094 729 1162 Ritschelius
745 1095 1154 1163 commendatSaracenum
1173 1102 1307 1180 secutus,

150 1210 203 1293 qui
231 1211 291 1287 oni,
322 1208 409 1292 quod
434 1206 525 1272 codd.
547 1204 684 1281 habent,
709 1203 741 1267 in
763 1204 838 1285 qaia
859 1204 1074 1270 commutavit
1120 1205 1307 1273 Emendatio

146 1316 366 1399 fertilemque,
388 1318 425 1378 ut
446 1313 579 1389 videtur,
602 1309 785 1382 necessaria,

222 1448 313 1530 Epid.
338 1447 413 1520 1133
431 1445 508 1509 226:
545 1441 629 1508 (lani
651 1463 771 1524 qaoque
792 1443 887 1508 etlam
911 1443 1090 1523 ademptam
1113 1450 1158 1509 est
1180 1465 1307 1511 nomen:

140 1557 217 1637 cain
254 1560 369 1618 cocant
401 1552 600 1615 Laconicam.
645 1549 734 1627 Quae
762 1549 910 1634 Gepperti
937 1550 1089 1632 scriptura
1118 1551 1195 1616 satis
1231 1553 1308 1618 mihi

139 1662 255 1745 placet.
298 1661 385 1722 Sane
410 1661 478 1720 tam
507 1659 686 1739 corruptum
717 1657 925 1740 prodiderunt
955 1655 1041 1721 hunc
1069 1657 1174 1722 locum
1203 1659 1307 1740 codd„

141 1773 181 1832 ut
203 1770 332 1830 certum
351 1762 499 1826 iudicium
525 1762 563 1826 de
584 1783 618 1828 eo
640 1763 712 1828 ferri
733 1766 879 1848 nequeat.

195 1894 270 1956 ibid.
280 1893 432 1976 alaman
453 1893 505 1958 Ibi
519 1894 576 1958 r'llo
588 1895 795 1978 interropovlt
811 1895 919 1958 illam:
932 1896 987 1976 qai
995 1896 1082 1960 scia?
1095 1896 1167 1978 qais
1182 1897 1216 1962 ld
1224 1897 1308 1964 elicit

153 2001 239 2065 aiot?
257 1999 262 2082 Ι
282 2001 364 2082 Qar'a
384 2001 473 2066 lodie
494 2002 623 2067 adlatae
645 2002 780 2066 tabellae
799 2009 874 2066 rana
897 2002 941 2066 acl
963 2025 1066 2068 carrea
1084 2004 1306 2086 Stratippocle.

149 2108 357 2172 Probabiliter
382 2109 424 2173 ita
444 2108 618 2194 Geppertus
646 2110 751 2174 scribit
771 2107 885 2174 Botbio
912 2129 1071 2186 assensum
1107 2129 1183 2176 nam
1218 2114 1306 2194 aaliz,

144 2217 232 2298 quod
261 2216 328 2279 libri
355 2217 516 2310 exhibent,
545 2217 743 2300 Ladewigius
771 2216 958 2298 detendit*),
986 2222 1114 2300 propter
1144 2219 1307 2284 metricam

141 2326 298 2388 rationem
312 2325 479 2388 sustentari
491 2325 611 2406 nequit.
644 2323 792 2389 Ceterum
804 2323 882 2390 haec
895 2326 1100 2389 commutatio
1120 2330 1151 2391 et
1162 2326 1307 2392 facillima

143 2434 188 2494 est
209 2435 241 2494 et
263 2431 381 2512 optime
403 2431 444 2494 ad
464 2430 572 2494 locum
594 2429 747 2513 adposita.

222 2537 311 2619 Epid.
335 2537 396 2600 300
416 2557 480 2619 sq.;
504 2537 565 2599 386
587 2556 634 2620 sq.

222 2645 337 2710 Pseud.
365 2644 442 2724 2953
465 2643 544 2721 5493
565 2644 642 2720 6643
667 2645 741 2722 7423
764 2647 841 2721 795;
867 2646 955 2709 1165.

223 2775 286 2840 Mil.
306 2775 383 2857 glor.
406 2777 446 2839 66
469 2796 533 2859 sq.:
564 2777 730 2860 Pyrgopol.
753 2777 847 2841 Itane
870 2777 981 2842 allant
1003 2779 1156 2844 tandem?
1187 2781 1305 2845 Artotr.

143 2884 232 2963 Qaac
253 2904 302 2948 ore
323 2883 435 2947 ambae
457 2883 706 2964 obsecraverint,
736 2890 771 2948 at
794 2890 822 2950 te
845 2885 937 2950 lodie
959 2889 1054 2968 annal
1072 2907 1223 2968 pompant
1247 2885 1305 2950 illo

135 2991 424 3068 praeterdacerern.
454 2991 502 3054 Ita
515 2991 703 3056 Ritschelius
713 2991 805 3055 scribi
821 2991 925 3073 iubet3
941 2998 1112 3059 curantem
1125 2993 1305 3068 Lorentzius

138 3097 233 3179 longe
262 3085 470 3180 plurimorum
499 3099 755 3182 optimorumque
789 3099 937 3164 ‘codicum
966 3101 1030 3166 fide
1058 3101 1200 3182 neglecta
1227 3102 1304 3182 qaia

136 3225 198 3288 pro
219 3225 300 3284 qaae
320 3206 484 3288 scripserit,
507 3207 642 3288 intellegi
663 3226 728 3270 non
751 3209 862 3289 potest.

223 3311 287 3374 Sed
314 3311 527 3376 Ritscheliana
556 3333 684 3395 quoque
713 3311 867 3393 scriptura
893 3319 1060 3397 propterea
1086 3333 1152 3378 non
1177 3333 1304 3397 prorsus

137 3418 217 3482 mihi
238 3419 349 3500 placet,
370 3419 457 3502 quod
478 3420 713 3484 coniunctivum
733 3418 964 3485 obsecraverint
980 3421 1092 3502 posuit.
1125 3421 1175 3486 Tu
1195 3427 1302 3488 autem

141 3603 333 3612 .—...--v...--

244 3699 268 3768 ¹²)
288 3698 461 3770 Ladewigius
488 3703 522 3758 de
540 3703 591 3756 hoc
607 3717 636 3755 re
661 3697 815 3799 disputavit
842 3698 998 3756 Zaitechritt
1016 3699 1060 3753 titr
1080 3699 1200 3756 Alterth.
1228 3701 1302 3770 1841,

137 3811 164 3864 p.
185 3792 251 3846 1095
270 3810 309 3868 sq.
