2990 4522
731 229 772 296 34

176 437 361 520 originariam
389 437 596 520 propriusque
625 436 736 502 talium
768 439 858 519 quasi
885 439 1082 523 torpidorum
1109 445 1336 509 structurarum

174 563 283 610 sensus
308 546 372 608 iam
404 547 473 608 turn
502 561 566 607 non
596 549 663 608 erat
691 544 822 607 vividus.
871 545 908 609 In
936 549 1118 612 universum
1139 554 1248 616 autem
1269 553 1337 616 fieri

173 651 260 728 solet,
282 655 317 716 ut
338 653 495 716 cenarum
506 651 684 731 regularum
695 651 861 730 imperium
877 651 985 716 litteris
1002 655 1130 719 demum
1145 657 1335 724 instituatur.

255 783 350 866 Apud
367 779 516 846 Plautum
533 781 634 862 igitur,
650 815 688 824 --
701 783 736 844 ut
747 799 794 858 ea,
811 759 1175 867 quae'investigavimua
1193 789 1336 854 inunum

173 889 317 971 colligam
347 924 395 965 —,
426 889 660 952 enuntiatorum
683 889 837 952 rationem
861 889 903 952 ita
927 897 1157 959 commutatam
1183 895 1335 977 videmus

173 999 209 1060 ut
230 996 277 1074 id,
300 997 385 1079 quod
409 997 484 1076 quin
508 1016 585 1059 voce
606 995 761 1078 incipitur,
784 1017 848 1060 non
869 998 1043 1060 seiunctum
1069 999 1265 1086 liberumque
1287 1005 1336 1082 sit,

172 1103 226 1170 sed
256 1103 317 1169 hac
345 1103 412 1186 ipsa
440 1104 594 1185 particula
622 1105 791 1168 arctissime
821 1124 893 1168 cum
914 1105 1130 1170 enuntiatione
1154 1128 1336 1190 praegressa

172 1211 381 1292 coniungatur
420 1221 458 1274 a‘o
494 1213 659 1292 tamquam
700 1212 940 1292 conglutinetur.
1000 1209 1071 1289 Quo
1105 1216 1334 1281 sententiarum

172 1315 338 1400 complexu
371 1336 496 1399 semper
524 1317 643 1399 aliquid
672 1317 852 1382 affirmativi
881 1319 1010 1400 exprimi
1046 1319 1108 1382 iam
1141 1339 1334 1386 commemo·

172 1442 321 1488 ravanus,

213 1553 371 1634 Ceterum,
380 1555 456 1638 quid
464 1553 619 1637 particula
627 1557 703 1634 qaia
716 1556 788 1618 inde
796 1553 976 1619 aPlautinis
985 1555 1187 1638 temporibus
1196 1577 1332 1639 quorum

172 1665 247 1726 sunt
268 1661 495 1726 vetustissimae
518 1661 635 1726 latinae
650 1661 771 1725 litterae
787 1661 877 1724 nobis
892 1664 1043 1738 servatae,
1065 1662 1205 1742 valuerit,
1220 1665 1332 1730 certius

91 1828 94 1834 ,.
171 1766 293 1834 deliniri
317 1789 382 1833 non
412 1787 502 1852 posse
529 1769 605 1831 mihi
633 1768 758 1832 videtur
787 1788 885 1850 quam
912 1769 973 1832 hoc
1006 1772 1117 1850 pacto:
1153 1769 1333 1854 Aliquid,

171 1875 269 1958 quod
298 1875 560 1939 enuntiationi
589 1875 791 1956 primariae
821 1875 992 1939 inhaeret
1022 1876 1082 1940 vel
1107 1877 1261 1960 propria
1283 1877 1336 1940 in·

170 1984 338 2066 timaque
359 1985 498 2074 natura
519 1983 897 2068 cum-caconhaeret,
920 1983 1121 2048 adnectere
1141 1985 1254 2048 istam
1276 1985 1336 2048 vel

170 2090 297 2174 potius
324 2091 363 2154 in
391 2109 503 2153 unam
532 2090 767 2172 eandemque
795 2091 1024 2155 sententiam
1049 2110 1131 2154 cunr
1154 2092 1219 2157 illa
1239 2093 1336 2156 redi-

170 2193 269 2280 gere.
307 2197 394 2261 Intra
415 2198 472 2262 hos
495 2217 569 2261 vero
589 2197 741 2260 terminos
758 2199 832 2277 quin
849 2197 980 2261 voculae
1002 2218 1076 2262 usus
1096 2199 1186 2282 quasi
1200 2203 1335 2282 uagatur

171 2305 267 2386 inque
290 2303 514 2368 diversissimas
536 2307 641 2386 partes
670 2303 875 2376 disceditpid
896 2305 981 2384 quod
1003 2305 1110 2369 statim
1132 2306 1164 2368 in
1185 2306 1333 2388 exemplis

171 2413 243 2496 ipsis
273 2411 482 2494 disquirendis
511 2410 637 2475 uberius
666 2410 895 2492 explanabitur.
943 2410 1007 2473 Neo
1036 2413 1165 2476 minime
1187 2432 1226 2475 ex
1246 2413 1334 2476 varia
1420 2425 1434 2444 ·

170 2522 279 2584 nostra
294 2519 498 2582 conversione
513 2517 543 2580 id
562 2521 704 2602 apertum
723 2517 767 2593 fit,
779 2536 861 2598 quae
875 2517 987 2580 scilicet
1001 2537 1176 2598 numquam
1193 2519 1267 2582 satis
1281 2538 1334 2582 ac-

171 2630 278 2690 curate
299 2625 391 2688 huius
411 2623 583 2706 particulae
604 2623 763 2706 propriam
785 2622 944 2686 notionem
966 2623 1076 2686 reddit.

252 2775 423 2840 Videamus
437 2774 554 2838 iamde
568 2773 641 2855 ipsis
655 2773 803 2854 exemplis
815 2773 976 2837 Plautinis.
993 2772 1082 2850 Quae
1096 2774 1128 2837 in
1141 2773 1205 2836 duo
1216 2793 1334 2855 genera

170 2883 318 2967 primaria
329 2882 614 2964 erantdigerenda:
625 2880 668 2960 A)
681 2881 766 2962 quod
775 2884 821 2943 est
828 2900 947 2958 eorum,
958 2882 989 2944 in
999 2881 1114 2963 quibus
1120 2881 1277 2945 sententia
1285 2901 1333 2944 re-

170 3011 247 3073 gens
255 3009 354 3054 onam
364 2993 490 3054 tantum
500 2989 748 3072 repudiationem
758 2989 1233 3071 retinuit,qniuigiturnegativo
1241 2989 1337 3052 modo

170 3099 202 3162 in
214 3101 357 3165 nostrum
372 3115 550 3160 sermonem
559 3095 751 3160 convertitur
762 3095 873 3178 (altera
882 3096 935 3160 illa
941 3094 1125 3176 repudiatio,
1135 3113 1217 3177 quae
1227 3097 1259 3158 in
1265 3115 1337 3160 sen·

169 3205 269 3268 tantia
276 3205 426 3286 primaria
435 3205 609 3287 antiquitus
616 3203 1011 3286 exstabat,sope1·vacanea
1020 3201 1103 3265 facta
1109 3203 1335 3284 perarctiorem

172 3313 409 3378 enuntiatorum
418 3309 900 3390 contractionem⁴omutebatur),
909 3306 946 3388 B)
954 3328 1073 3386 eorum,
1086 3309 1140 3372 ubi
1151 3311 1334 3388 enuntiatio,

170 3437 253 3500 quac
270 3418 438 3500 praecedit,
453 3422 622 3500 utramque
637 3419 887 3501 repudiationem
904 3418 1047 3482 servavit.
1074 3417 1178 3481 Nostri
1192 3416 1337 3482 homines

169 3523 221 3590 hic
248 3527 324 3606 quio
350 3525 540 3589 affirmativo
568 3526 665 3588 modo
694 3526 765 3588 dass
794 3525 843 3587 vel
872 3544 910 3589 zu
939 3523 1107 3605 (infinitivo
1135 3524 1255 3607 addito)
1285 3527 1336 3590 vel

169 3632 309 3698 similiter
330 3632 478 3698 reddunt.

251 3763 428 3846 Interquae
445 3761 510 3828 duo
522 3779 639 3842 genera
660 3761 721 3824 hoc
742 3780 869 3843 quoque
892 3761 1028 3839 interest,
1049 3765 1085 3825 ut
1101 3761 1133 3826 in
1143 3761 1195 3826 illo
1206 3763 1334 3845 quidem

173 3870 345 3936 sententiae
374 3867 574 3936 antecedenti
601 3868 814 3950 praedicativa
842 3868 948 3952 aliqua
969 3870 1017 3933 vel
1041 3869 1226 3940 attributiva
1247 3871 1335 3934 notio
1362 3889 1369 3900 ’
