2990 4522
756 281 778 346 4

268 480 365 560 Quin
385 483 578 565 particula
600 485 779 568 originem
802 488 906 554 ducit
927 494 1146 574 erronei-ne
1160 496 1348 582 (antiquiore

185 589 299 670 lorma)
335 591 386 654 vel
418 591 483 672 qui
509 627 540 636 —
566 611 621 655 ne.
671 593 718 656 Ac
747 596 822 658 satis
849 601 960 661 notum
991 605 1037 663 est
1061 602 1193 668 alteram
1222 611 1347 688 partem

184 718 223 761 110
259 698 423 780 pristinam
462 719 528 764 esse
565 700 785 782 negationem,
819 705 907 768 cuius
944 707 1047 772 multa
1082 713 1210 792 vestigia
1238 720 1349 797 aperta

184 804 330 869 omnibus
359 806 554 888 temporibus
582 807 613 871 in
644 807 752 890 lingua
779 809 889 891 latina
906 821 1136 881 remanserunt.
1177 820 1347 888 Eduobus

183 913 292 974 autem
314 911 371 976 illis
392 911 495 976 verbis
522 915 577 994 qui
595 951 640 965 --
664 937 702 980 nc
718 936 798 980 -cum
821 939 877 1000 per
907 925 1153 990 contractionem
1173 928 1223 992 vel
1243 905 1349 1012 potius¹

182 1017 321 1082 enclisim
344 1019 380 1098 (si
404 1020 506 1102 dicere
526 1019 609 1101 licet)
631 1042 731 1087 unum
750 1025 869 1090 factum
892 1033 987 1105 esset,
1017 1031 1106 1095 facile
1131 1038 1272 1102 extrema
1293 1039 1344 1103 illa

182 1125 340 1203 clittera‚
371 1145 428 1212 per
449 1146 482 1192 se
503 1126 674 1208 levissima,
697 1131 814 1213 ahiem)
835 1139 960 1216 poterat
981 1156 1038 1217 per
1058 1157 1239 1223 apocopen,
1263 1167 1344 1228 quae

184 1236 332 1310 vocatur,
353 1235 537 1316 praesertim
569 1237 654 1318 quod
681 1258 784 1303 sermo
810 1241 940 1319 latinus,
968 1245 1110 1326 inprimis
1129 1251 1346 1318 vetustissimis

183 1340 240 1432 illis
260 1342 463 1423 temporibus,
485 1343 526 1406 ad
545 1344 643 1410 verba
658 1345 875 1413 imminuenda
892 1335 1188 1435 corrumpendaque
1205 1359 1344 1424 maxime

179 1467 353 1530 propensus
387 1452 462 1513 erat.
505 1449 633 1514 Accedit
667 1453 753 1534 quod
784 1457 858 1532 quia
887 1456 1018 1520 voculae
1047 1479 1139 1522 usum
1168 1463 1342 1545 antiquitus

179 1555 373 1620 uberrimum
388 1556 489 1636 luisse,
512 1558 674 1639 multoque
689 1558 931 1641 frequentiorem
947 1581 1043 1644 quam
1061 1569 1180 1647 postea,
1196 1587 1341 1634 011101111-

180 1663 294 1727 mentis
315 1667 446 1727 constat.

260 1795 307 1860 De
329 1795 390 1860 hac
412 1799 519 1860 autem
541 1816 575 1860 re
596 1797 671 1860 satis
693 1797 776 1862 clara
796 1798 889 1880 plura
910 1801 1009 1866 verba
1031 1822 1071 1867 ne
1092 1803 1257 1882 iaciamus3
1279 1807 1341 1872 hoc

177 1922 278 1966 unum
300 1901 391 1967 liceat
413 1903 546 1980 adicere,
568 1905 680 1968 eodem
702 1905 798 1970 modo
818 1909 917 1972 estve
938 1929 993 1973 sou
1016 1929 1136 1990 vocem,
1159 1932 1176 1975 e
1198 1914 1267 1976 siue
1290 1915 1341 1977 5111

180 2031 197 2074 0
218 2011 322 2074 satine
345 2011 432 2074 5111111
453 2013 512 2074 etc.
534 2010 618 2074 lacta
639 2009 771 2092 esse**).

261 2140 324 2204 Sed
353 2141 392 2204 de
421 2141 549 2224 priore
579 2141 671 2206 huius
690 2142 776 2207 verbi
798 2149 888 2225 parte
909 2146 1094 2229 explicanda
1117 2168 1216 2231 usque
1238 2150 1343 2214 adhuc

177 2268 295 2330 magna
317 2249 465 2313 dissensio
485 2249 544 2314 fuit
565 2250 645 2313 inter
671 2251 753 2314 viros
784 2250 909 2328 doctos,
937 2271 1010 2315 cum
1038 2253 1090 2316 alii
1112 2256 1166 2332 qui
1186 2255 1262 2318 illud
1284 2258 1342 2320 ab·

177 2356 309 2420 lativum
336 2357 434 2420 modo
464 2356 658 2438 pronominis
680 2353 895 2438 interrogativi
921 2359 1017 2422 modo
1041 2358 1176 2436 relativi,
1208 2360 1276 2438 alii,
1305 2366 1340 2426 ut

177 2461 401 2540 GernhardiuS,
423 2462 584 2544 Ussingius
601 2463 793 2546 Brixiusque,
814 2499 851 2507 -
874 2465 914 2527 de
935 2465 1047 2546 quibus
1066 2468 1137 2546 post
1157 2466 1342 2549 videbimus,

177 2605 215 2614 -
247 2571 343 2634 etiam
372 2570 603 2634 nominativum
632 2571 826 2653 pronominis
855 2570 977 2633 relativi
998 2572 1157 2648 nonnullis
1178 2592 1244 2638 esse
1266 2575 1342 2640 locis

176 2681 359 2742 statuerent.

259 2785 352 2864 Quod
371 2805 446 2849 vero
470 2786 582 2848 attinet
604 2783 645 2848 ad
667 2783 854 2866 particulam
882 2785 958 2866 quia
980 2785 1012 2848 in
1033 2788 1264 2852 enuntiatis
1283 2797 1339 2852 se-¹

175 2893 330 2958 iunctis
350 2895 552 2976 usurpatam,
573 2911 700 2969 omnes,
730 2895 886 2974 quantum
909 2893 1054 2974 equidem
1075 2893 1190 2971 sciam,
1216 2895 1259 2958 ibi
1286 2897 1341 2976 qui

176 3021 234 3084 pro
271 2999 410 3064 ablativo
440 2995 579 3080 (proprie
607 2997 850 3079 instrumentali)
886 3001 1079 3081 pronominis
1115 3000 1339 3082 interrogatio,

175 3112 284 3172 nostra
305 3107 412 3190 lingua
437 3107 519 3170 111101
549 3108 695 3171 warum?
725 3107 952 3184 convertendo,
981 3106 1167 3171 habendum
1194 3125 1260 3170 esse
1282 3126 1340 3173 suo

176 3216 243 3281 iure
263 3217 344 3279 inter
366 3235 398 3278 se
420 3214 637 3289 consentiunt3
669 3216 744 3295 quia
774 3213 866 3294 igitur
885 3213 976 3276 simili
998 3216 1044 3277 est
1064 3213 1094 3275 vi
1115 3232 1153 3276 ac
1175 3231 1232 3277 cur
1252 3215 1340 3280 uon?

176 3320 312 3405 (warum
336 3319 470 3400 11101111),
492 3321 552 3384 nisi
574 3320 660 3403 quod
683 3320 765 3384 inter
786 3324 957 3403 utrumque
979 3320 1112 3384 verbum
1134 3321 1276 3400 interest,
1304 3325 1340 3387 ut

175 3431 237 3495 hoc
257 3449 334 3494 vera
354 3427 573 3509 interrogatio,
605 3427 761 3494 rhetorica
781 3428 833 3492 illo
855 3427 1036 3491 instituatur
1057 3428 1116 3505 vel,
1138 3465 1178 3473 —
1200 3429 1232 3493 id
1253 3431 1339 3511 quod
1441 3477 1446 3484 .

176 3616 368 3626 ..———--

272 3706 297 3774 *l
316 3704 444 3759 Ceterum
462 3721 494 3758 oe
512 3704 563 3758 hoc
578 3703 738 3758 encliticam
756 3703 845 3772 ipsam
863 3722 940 3759 suam
960 3705 1017 3759 vim
1034 3704 1196 3775 negativam
1215 3735 1247 3744 -
1266 3721 1338 3774 quae

176 3800 220 3855 vel
239 3797 398 3870 gravissime
416 3797 594 3866 premebatur
613 3828 644 3835 —
664 3796 788 3852 retinuit.

274 3893 313 3962 ”l
331 3891 365 3948 of.
382 3889 515 3956 Ribbeck,
533 3889 663 3961 Beitrliga
682 3909 731 3945 zur
748 3891 835 3946 Lehre
854 3909 906 3948 von
925 3893 978 3946 den
997 3889 1178 3945 lateinischan
1197 3891 1339 3947 Partilreln

176 4003 203 4056 p.
222 3986 262 4041 14.
