<?xml version="1.0" encoding="UTF-8"?>
<!DOCTYPE html PUBLIC "-//W3C//DTD XHTML 1.0 Transitional//EN"
    "http://www.w3.org/TR/xhtml1/DTD/xhtml1-transitional.dtd">
<html xmlns="http://www.w3.org/1999/xhtml" xml:lang="en" lang="en">
 <head>
  <title>
</title>
<meta http-equiv="Content-Type" content="text/html;charset=utf-8" />
  <meta name='ocr-system' content='tesseract 3.04.00' />
  <meta name='ocr-capabilities' content='ocr_page ocr_carea ocr_par ocr_line ocrx_word'/>
</head>
<body>
  <div class='ocr_page' id='page_1' title='image "./dequinparticula00schmgoog_0039.png"; bbox 0 0 2990 4522; ppageno 0'>
   <div class='ocr_carea' id='block_1_1' title="bbox 775 273 817 336">
    <p class='ocr_par' dir='ltr' id='par_1_1' title="bbox 775 273 817 336">
     <span class='ocr_line' id='line_1_1' title="bbox 775 273 817 336; baseline 0 0"><span class='ocrx_word' id='word_1_1' title='bbox 775 273 817 336; x_wconf 72' lang='grc'>28</span> 
     </span>
    </p>
   </div>
   <div class='ocr_carea' id='block_1_2' title="bbox 205 463 1376 1192">
    <p class='ocr_par' dir='ltr' id='par_1_2' title="bbox 205 463 1376 1192">
     <span class='ocr_line' id='line_1_2' title="bbox 207 463 1375 558; baseline 0.012 -30"><span class='ocrx_word' id='word_1_2' title='bbox 207 463 268 529; x_wconf 91' lang='lat' dir='ltr'>Cio.</span> <span class='ocrx_word' id='word_1_3' title='bbox 291 465 378 532; x_wconf 85' lang='lat' dir='ltr'>Fam.</span> <span class='ocrx_word' id='word_1_4' title='bbox 409 469 462 547; x_wconf 91' lang='lat' dir='ltr'>lV,</span> <span class='ocrx_word' id='word_1_5' title='bbox 486 471 521 534; x_wconf 86' lang='lat'>7:</span> <span class='ocrx_word' id='word_1_6' title='bbox 564 475 621 536; x_wconf 82' lang='lat' dir='ltr'>etsi</span> <span class='ocrx_word' id='word_1_7' title='bbox 643 494 680 538; x_wconf 89' lang='lat' dir='ltr'>eo</span> <span class='ocrx_word' id='word_1_8' title='bbox 701 479 731 539; x_wconf 87' lang='lat' dir='ltr'>te</span> <span class='ocrx_word' id='word_1_9' title='bbox 753 475 880 552; x_wconf 88' lang='lat' dir='ltr'>consilio</span> <span class='ocrx_word' id='word_1_10' title='bbox 903 495 997 540; x_wconf 83' lang='lat' dir='ltr'>usum</span> <span class='ocrx_word' id='word_1_11' title='bbox 1018 477 1180 558; x_wconf 78' lang='lat' dir='ltr'>intellego,</span> <span class='ocrx_word' id='word_1_12' title='bbox 1208 481 1245 542; x_wconf 86' lang='lat' dir='ltr'>ut</span> <span class='ocrx_word' id='word_1_13' title='bbox 1270 479 1302 542; x_wconf 93' lang='lat' dir='ltr'>id</span> <span class='ocrx_word' id='word_1_14' title='bbox 1325 499 1375 542; x_wconf 93' lang='lat' dir='ltr'>re-</span> 
     </span>
     <span class='ocr_line' id='line_1_3' title="bbox 206 573 1375 666; baseline 0.011 -31"><span class='ocrx_word' id='word_1_15' title='bbox 206 573 401 654; x_wconf 81' lang='lat' dir='ltr'>prehendere</span> <span class='ocrx_word' id='word_1_16' title='bbox 422 596 488 640; x_wconf 92' lang='lat' dir='ltr'>non</span> <span class='ocrx_word' id='word_1_17' title='bbox 510 580 663 657; x_wconf 80' lang='lat' dir='ltr'>audeam,</span> <span class='ocrx_word' id='word_1_18' title='bbox 692 602 757 645; x_wconf 91' lang='lat' dir='ltr'>non</span> <span class='ocrx_word' id='word_1_19' title='bbox 780 584 858 666; x_wconf 83' lang='lat' dir='ltr'>quin</span> <span class='ocrx_word' id='word_1_20' title='bbox 880 583 922 646; x_wconf 91' lang='lat' dir='ltr'>ab</span> <span class='ocrx_word' id='word_1_21' title='bbox 944 602 982 646; x_wconf 89' lang='lat' dir='ltr'>eo</span> <span class='ocrx_word' id='word_1_22' title='bbox 1003 583 1068 664; x_wconf 86' lang='lat' dir='ltr'>ipse</span> <span class='ocrx_word' id='word_1_23' title='bbox 1091 583 1290 662; x_wconf 82' lang='lat' dir='ltr'>dissentiam,</span> <span class='ocrx_word' id='word_1_24' title='bbox 1317 586 1375 648; x_wconf 91' lang='lat' dir='ltr'>sed</span> 
     </span>
     <span class='ocr_line' id='line_1_4' title="bbox 206 680 1376 766; baseline 0.012 -24"><span class='ocrx_word' id='word_1_25' title='bbox 206 680 292 760; x_wconf 87' lang='lat' dir='ltr'>quod</span> <span class='ocrx_word' id='word_1_26' title='bbox 313 685 381 760; x_wconf 80' lang='lat' dir='ltr'>etc,</span> <span class='ocrx_word' id='word_1_27' title='bbox 404 683 455 746; x_wconf 88' lang='lat' dir='ltr'>ieh</span> <span class='ocrx_word' id='word_1_28' title='bbox 477 704 566 766; x_wconf 85' lang='lat' dir='ltr'>wago</span> <span class='ocrx_word' id='word_1_29' title='bbox 588 687 659 749; x_wconf 87' lang='lat' dir='ltr'>dieh</span> <span class='ocrx_word' id='word_1_30' title='bbox 681 689 767 752; x_wconf 88' lang='lat' dir='ltr'>nieht</span> <span class='ocrx_word' id='word_1_31' title='bbox 790 709 827 752; x_wconf 89' lang='lat' dir='ltr'>zu</span> <span class='ocrx_word' id='word_1_32' title='bbox 846 689 963 766; x_wconf 92' lang='lat' dir='ltr'>tadeln,</span> <span class='ocrx_word' id='word_1_33' title='bbox 986 691 1063 752; x_wconf 91' lang='lat' dir='ltr'>aber</span> <span class='ocrx_word' id='word_1_34' title='bbox 1086 691 1171 753; x_wconf 86' lang='lat' dir='ltr'>nieht</span> <span class='ocrx_word' id='word_1_35' title='bbox 1194 711 1252 754; x_wconf 87' lang='lat' dir='ltr'>aus</span> <span class='ocrx_word' id='word_1_36' title='bbox 1267 692 1376 756; x_wconf 81' lang='lat' dir='ltr'>Ruel-</span> 
     </span>
     <span class='ocr_line' id='line_1_5' title="bbox 205 786 1374 878; baseline 0.012 -30"><span class='ocrx_word' id='word_1_37' title='bbox 205 786 336 866; x_wconf 81' lang='lat' dir='ltr'>sichteu,</span> <span class='ocrx_word' id='word_1_38' title='bbox 359 788 520 868; x_wconf 85' lang='lat' dir='ltr'>Griinden‚</span> <span class='ocrx_word' id='word_1_39' title='bbox 543 811 666 856; x_wconf 87' lang='lat' dir='ltr'>warum</span> <span class='ocrx_word' id='word_1_40' title='bbox 687 794 737 858; x_wconf 85' lang='lat' dir='ltr'>ich</span> <span class='ocrx_word' id='word_1_41' title='bbox 759 795 846 859; x_wconf 88' lang='lat' dir='ltr'>nieht</span> <span class='ocrx_word' id='word_1_42' title='bbox 867 795 1002 858; x_wconf 88' lang='lat' dir='ltr'>anderer</span> <span class='ocrx_word' id='word_1_43' title='bbox 1016 795 1166 878; x_wconf 85' lang='lat' dir='ltr'>Meinung</span> <span class='ocrx_word' id='word_1_44' title='bbox 1188 798 1253 860; x_wconf 87' lang='lat' dir='ltr'>sein</span> <span class='ocrx_word' id='word_1_45' title='bbox 1274 799 1374 875; x_wconf 83' lang='lat' dir='ltr'>sollte,</span> 
     </span>
     <span class='ocr_line' id='line_1_6' title="bbox 205 894 1374 984; baseline 0.01 -28"><span class='ocrx_word' id='word_1_46' title='bbox 205 894 343 958; x_wconf 88' lang='lat' dir='ltr'>sondern</span> <span class='ocrx_word' id='word_1_47' title='bbox 365 896 421 959; x_wconf 92' lang='lat' dir='ltr'>der</span> <span class='ocrx_word' id='word_1_48' title='bbox 441 897 552 962; x_wconf 87' lang='lat' dir='ltr'>Grund</span> <span class='ocrx_word' id='word_1_49' title='bbox 575 899 614 962; x_wconf 88' lang='lat' dir='ltr'>ist</span> <span class='ocrx_word' id='word_1_50' title='bbox 635 899 698 974; x_wconf 90' lang='lat' dir='ltr'>der,</span> <span class='ocrx_word' id='word_1_51' title='bbox 722 900 794 964; x_wconf 85' lang='lat' dir='ltr'>dass</span> <span class='ocrx_word' id='word_1_52' title='bbox 814 920 844 964; x_wconf 91' lang='lat' dir='ltr'>u.</span> <span class='ocrx_word' id='word_1_53' title='bbox 858 921 881 964; x_wconf 85' lang='lat' dir='ltr'>S.</span> <span class='ocrx_word' id='word_1_54' title='bbox 895 920 944 979; x_wconf 80' lang='lat' dir='ltr'>W„</span> <span class='ocrx_word' id='word_1_55' title='bbox 967 923 996 984; x_wconf 90' lang='lat' dir='ltr'>p.</span> <span class='ocrx_word' id='word_1_56' title='bbox 1019 904 1077 966; x_wconf 62' lang='lat' dir='ltr'>,tol</span> <span class='ocrx_word' id='word_1_57' title='bbox 1100 903 1162 968; x_wconf 82' lang='lat' dir='ltr'>fere</span> <span class='ocrx_word' id='word_1_58' title='bbox 1184 907 1270 968; x_wconf 82' lang='lat' dir='ltr'>extr:</span> <span class='ocrx_word' id='word_1_59' title='bbox 1302 905 1374 968; x_wconf 91' lang='lat' dir='ltr'>Non</span> 
     </span>
     <span class='ocr_line' id='line_1_7' title="bbox 207 998 1374 1088; baseline 0.01 -26"><span class='ocrx_word' id='word_1_60' title='bbox 207 998 332 1078; x_wconf 75' lang='lat' dir='ltr'>dubim,</span> <span class='ocrx_word' id='word_1_61' title='bbox 354 1022 418 1066; x_wconf 90' lang='lat' dir='ltr'>non</span> <span class='ocrx_word' id='word_1_62' title='bbox 442 1006 489 1067; x_wconf 93' lang='lat' dir='ltr'>est</span> <span class='ocrx_word' id='word_1_63' title='bbox 515 1005 648 1069; x_wconf 94' lang='lat' dir='ltr'>dubium</span> <span class='ocrx_word' id='word_1_64' title='bbox 676 1006 752 1087; x_wconf 91' lang='lat' dir='ltr'>quin</span> <span class='ocrx_word' id='word_1_65' title='bbox 782 1007 877 1070; x_wconf 85' lang='lat' dir='ltr'>heisst</span> <span class='ocrx_word' id='word_1_66' title='bbox 907 1009 1090 1088; x_wconf 86' lang='lat' dir='ltr'>eigentlich:</span> <span class='ocrx_word' id='word_1_67' title='bbox 1121 1011 1171 1074; x_wconf 86' lang='lat' dir='ltr'>ich</span> <span class='ocrx_word' id='word_1_68' title='bbox 1201 1011 1256 1074; x_wconf 89' lang='lat' dir='ltr'>bin</span> <span class='ocrx_word' id='word_1_69' title='bbox 1287 1011 1374 1076; x_wconf 86' lang='lat' dir='ltr'>nieht</span> 
     </span>
     <span class='ocr_line' id='line_1_8' title="bbox 206 1107 1111 1192; baseline 0.009 -23"><span class='ocrx_word' id='word_1_70' title='bbox 206 1107 250 1170; x_wconf 89' lang='lat' dir='ltr'>im</span> <span class='ocrx_word' id='word_1_71' title='bbox 270 1107 405 1186; x_wconf 87' lang='lat' dir='ltr'>Zweifel,</span> <span class='ocrx_word' id='word_1_72' title='bbox 426 1110 458 1172; x_wconf 92' lang='lat' dir='ltr'>in</span> <span class='ocrx_word' id='word_1_73' title='bbox 480 1111 718 1192; x_wconf 87' lang='lat' dir='ltr'>Ungewissheit,</span> <span class='ocrx_word' id='word_1_74' title='bbox 738 1131 862 1178; x_wconf 89' lang='lat' dir='ltr'>warum</span> <span class='ocrx_word' id='word_1_75' title='bbox 884 1114 971 1176; x_wconf 89' lang='lat' dir='ltr'>nieht</span> <span class='ocrx_word' id='word_1_76' title='bbox 991 1115 1111 1178; x_wconf 73' lang='lat' dir='ltr'>sollte«.</span> 
     </span>
    </p>
   </div>
   <div class='ocr_carea' id='block_1_3' title="bbox 293 1239 638 1306">
    <p class='ocr_par' dir='ltr' id='par_1_3' title="bbox 293 1239 638 1306">
     <span class='ocr_line' id='line_1_9' title="bbox 293 1239 638 1306; baseline 0.006 -4"><span class='ocrx_word' id='word_1_77' title='bbox 293 1239 355 1303; x_wconf 85' lang='lat' dir='ltr'>Sed</span> <span class='ocrx_word' id='word_1_78' title='bbox 378 1239 456 1303; x_wconf 89' lang='lat' dir='ltr'>haee</span> <span class='ocrx_word' id='word_1_79' title='bbox 476 1241 638 1306; x_wconf 83' lang='lat' dir='ltr'>hactenus</span> 
     </span>
    </p>
   </div>
   <div class='ocr_carea' id='block_1_4' title="bbox 206 1370 1377 1880">
    <p class='ocr_par' dir='ltr' id='par_1_4' title="bbox 206 1370 1377 1880">
     <span class='ocr_line' id='line_1_10' title="bbox 289 1370 1377 1456; baseline 0.008 -24"><span class='ocrx_word' id='word_1_80' title='bbox 289 1370 336 1433; x_wconf 83' lang='lat' dir='ltr'>Ex</span> <span class='ocrx_word' id='word_1_81' title='bbox 361 1371 413 1448; x_wconf 82' lang='lat' dir='ltr'>iis,</span> <span class='ocrx_word' id='word_1_82' title='bbox 442 1391 525 1453; x_wconf 87' lang='lat' dir='ltr'>quae</span> <span class='ocrx_word' id='word_1_83' title='bbox 555 1373 662 1436; x_wconf 86' lang='lat' dir='ltr'>adhue</span> <span class='ocrx_word' id='word_1_84' title='bbox 693 1374 853 1456; x_wconf 87' lang='lat' dir='ltr'>disputata</span> <span class='ocrx_word' id='word_1_85' title='bbox 883 1371 973 1451; x_wconf 78' lang='lat' dir='ltr'>sunt,</span> <span class='ocrx_word' id='word_1_86' title='bbox 996 1377 1117 1439; x_wconf 86' lang='lat' dir='ltr'>elucere</span> <span class='ocrx_word' id='word_1_87' title='bbox 1144 1375 1221 1438; x_wconf 90' lang='lat' dir='ltr'>mihi</span> <span class='ocrx_word' id='word_1_88' title='bbox 1251 1377 1377 1441; x_wconf 91' lang='lat' dir='ltr'>videtur</span> 
     </span>
     <span class='ocr_line' id='line_1_11' title="bbox 206 1464 1372 1562; baseline 0.006 -25"><span class='ocrx_word' id='word_1_89' title='bbox 206 1475 369 1539; x_wconf 87' lang='lat' dir='ltr'>universos</span> <span class='ocrx_word' id='word_1_90' title='bbox 398 1478 481 1541; x_wconf 89' lang='lat' dir='ltr'>viros</span> <span class='ocrx_word' id='word_1_91' title='bbox 511 1464 750 1559; x_wconf 74' lang='lat' dir='ltr'>grammatieOS,</span> <span class='ocrx_word' id='word_1_92' title='bbox 782 1482 835 1562; x_wconf 89' lang='lat' dir='ltr'>qui</span> <span class='ocrx_word' id='word_1_93' title='bbox 867 1482 1029 1562; x_wconf 84' lang='lat' dir='ltr'>hueusque</span> <span class='ocrx_word' id='word_1_94' title='bbox 1058 1482 1088 1542; x_wconf 91' lang='lat' dir='ltr'>iu</span> <span class='ocrx_word' id='word_1_95' title='bbox 1118 1482 1372 1560; x_wconf 80' lang='lat' dir='ltr'>investigandam</span> 
     </span>
     <span class='ocr_line' id='line_1_12' title="bbox 207 1565 1371 1668; baseline 0.005 -26"><span class='ocrx_word' id='word_1_96' title='bbox 207 1585 284 1661; x_wconf 79' lang='lat' dir='ltr'>quin</span> <span class='ocrx_word' id='word_1_97' title='bbox 305 1565 476 1664; x_wconf 86' lang='lat' dir='ltr'>particulae</span> <span class='ocrx_word' id='word_1_98' title='bbox 498 1605 607 1652; x_wconf 89' lang='lat' dir='ltr'>veram</span> <span class='ocrx_word' id='word_1_99' title='bbox 629 1607 666 1650; x_wconf 91' lang='lat' dir='ltr'>ae</span> <span class='ocrx_word' id='word_1_100' title='bbox 682 1589 771 1668; x_wconf 86' lang='lat' dir='ltr'>quasi</span> <span class='ocrx_word' id='word_1_101' title='bbox 783 1589 923 1650; x_wconf 84' lang='lat' dir='ltr'>nativam</span> <span class='ocrx_word' id='word_1_102' title='bbox 936 1587 1000 1650; x_wconf 91' lang='lat' dir='ltr'>vim</span> <span class='ocrx_word' id='word_1_103' title='bbox 1012 1605 1141 1668; x_wconf 88' lang='lat' dir='ltr'>operam</span> <span class='ocrx_word' id='word_1_104' title='bbox 1158 1586 1371 1663; x_wconf 84' lang='lat' dir='ltr'>contulerunt,</span> 
     </span>
     <span class='ocr_line' id='line_1_13' title="bbox 206 1688 1374 1772; baseline 0.004 -23"><span class='ocrx_word' id='word_1_105' title='bbox 206 1688 300 1752; x_wconf 90' lang='lat' dir='ltr'>valde</span> <span class='ocrx_word' id='word_1_106' title='bbox 321 1709 341 1752; x_wconf 90' lang='lat' dir='ltr'>a</span> <span class='ocrx_word' id='word_1_107' title='bbox 363 1692 408 1754; x_wconf 93' lang='lat' dir='ltr'>rei</span> <span class='ocrx_word' id='word_1_108' title='bbox 429 1692 559 1755; x_wconf 85' lang='lat' dir='ltr'>veritate</span> <span class='ocrx_word' id='word_1_109' title='bbox 581 1691 751 1757; x_wconf 81' lang='lat' dir='ltr'>aberrasse.</span> <span class='ocrx_word' id='word_1_110' title='bbox 794 1693 874 1757; x_wconf 90' lang='lat' dir='ltr'>Nam</span> <span class='ocrx_word' id='word_1_111' title='bbox 899 1697 955 1756; x_wconf 87' lang='lat' dir='ltr'>aut</span> <span class='ocrx_word' id='word_1_112' title='bbox 984 1693 1025 1756; x_wconf 91' lang='lat' dir='ltr'>ab</span> <span class='ocrx_word' id='word_1_113' title='bbox 1050 1711 1117 1756; x_wconf 89' lang='lat' dir='ltr'>una</span> <span class='ocrx_word' id='word_1_114' title='bbox 1145 1693 1263 1772; x_wconf 81' lang='lat' dir='ltr'>origine</span> <span class='ocrx_word' id='word_1_115' title='bbox 1286 1691 1374 1755; x_wconf 83' lang='lat' dir='ltr'>hano</span> 
     </span>
     <span class='ocr_line' id='line_1_14' title="bbox 206 1791 1372 1880; baseline 0.002 -22"><span class='ocrx_word' id='word_1_116' title='bbox 206 1796 352 1860; x_wconf 83' lang='lat' dir='ltr'>voculam</span> <span class='ocrx_word' id='word_1_117' title='bbox 374 1802 514 1880; x_wconf 83' lang='lat' dir='ltr'>repetere</span> <span class='ocrx_word' id='word_1_118' title='bbox 531 1796 636 1862; x_wconf 84' lang='lat' dir='ltr'>eonati</span> <span class='ocrx_word' id='word_1_119' title='bbox 652 1819 756 1876; x_wconf 86' lang='lat' dir='ltr'>usum,</span> <span class='ocrx_word' id='word_1_120' title='bbox 773 1791 873 1880; x_wconf 86' lang='lat' dir='ltr'>qualis</span> <span class='ocrx_word' id='word_1_121' title='bbox 890 1799 1043 1863; x_wconf 83' lang='lat' dir='ltr'>memoria</span> <span class='ocrx_word' id='word_1_122' title='bbox 1057 1800 1201 1875; x_wconf 89' lang='lat' dir='ltr'>traditur,</span> <span class='ocrx_word' id='word_1_123' title='bbox 1217 1797 1372 1880; x_wconf 83' lang='lat' dir='ltr'>explicare</span> 
     </span>
    </p>
   </div>
   <div class='ocr_carea' id='block_1_5' title="bbox 117 1905 1374 1987">
    <p class='ocr_par' dir='ltr' id='par_1_5' title="bbox 117 1905 1374 1987">
     <span class='ocr_line' id='line_1_15' title="bbox 117 1905 1374 1987; baseline 0.001 -21"><span class='ocrx_word' id='word_1_124' title='bbox 117 1962 119 1966; x_wconf 86' lang='grc'><em>,</em></span> <span class='ocrx_word' id='word_1_125' title='bbox 206 1921 272 1965; x_wconf 92' lang='lat' dir='ltr'>non</span> <span class='ocrx_word' id='word_1_126' title='bbox 282 1907 464 1984; x_wconf 91' lang='lat' dir='ltr'>potuerunt,</span> <span class='ocrx_word' id='word_1_127' title='bbox 474 1909 530 1967; x_wconf 88' lang='lat' dir='ltr'>aut</span> <span class='ocrx_word' id='word_1_128' title='bbox 538 1908 708 1987; x_wconf 84' lang='lat' dir='ltr'>utrumque</span> <span class='ocrx_word' id='word_1_129' title='bbox 720 1941 757 1948; x_wconf 89' lang='lat'>-—</span> <span class='ocrx_word' id='word_1_130' title='bbox 771 1910 801 1968; x_wconf 93' lang='lat' dir='ltr'>et</span> <span class='ocrx_word' id='word_1_131' title='bbox 810 1907 895 1986; x_wconf 83' lang='lat' dir='ltr'>origo</span> <span class='ocrx_word' id='word_1_132' title='bbox 907 1910 938 1969; x_wconf 90' lang='lat' dir='ltr'>et</span> <span class='ocrx_word' id='word_1_133' title='bbox 946 1925 1063 1968; x_wconf 87' lang='lat' dir='ltr'>usus-</span> <span class='ocrx_word' id='word_1_134' title='bbox 1075 1925 1128 1968; x_wconf 90' lang='lat' dir='ltr'>eos</span> <span class='ocrx_word' id='word_1_135' title='bbox 1136 1905 1248 1968; x_wconf 83' lang='lat' dir='ltr'>fefellit.</span> <span class='ocrx_word' id='word_1_136' title='bbox 1264 1905 1374 1986; x_wconf 89' lang='lat' dir='ltr'>Neque</span> 
     </span>
    </p>
   </div>
   <div class='ocr_carea' id='block_1_6' title="bbox 204 1999 1376 2306">
    <p class='ocr_par' dir='ltr' id='par_1_6' title="bbox 204 1999 1376 2306">
     <span class='ocr_line' id='line_1_16' title="bbox 206 1999 1375 2092; baseline 0.003 -22"><span class='ocrx_word' id='word_1_137' title='bbox 206 2009 322 2072; x_wconf 90' lang='lat' dir='ltr'>mirum</span> <span class='ocrx_word' id='word_1_138' title='bbox 333 2009 431 2073; x_wconf 91' lang='lat' dir='ltr'>videri</span> <span class='ocrx_word' id='word_1_139' title='bbox 444 2014 545 2090; x_wconf 91' lang='lat' dir='ltr'>potest</span> <span class='ocrx_word' id='word_1_140' title='bbox 558 2015 624 2074; x_wconf 87' lang='lat' dir='ltr'>tam</span> <span class='ocrx_word' id='word_1_141' title='bbox 633 2012 769 2074; x_wconf 90' lang='lat' dir='ltr'>multum</span> <span class='ocrx_word' id='word_1_142' title='bbox 782 2016 946 2092; x_wconf 83' lang='lat' dir='ltr'>peceatum</span> <span class='ocrx_word' id='word_1_143' title='bbox 958 2013 1062 2075; x_wconf 87' lang='lat' dir='ltr'>essein</span> <span class='ocrx_word' id='word_1_144' title='bbox 1073 1999 1178 2074; x_wconf 83' lang='lat' dir='ltr'>haere</span> <span class='ocrx_word' id='word_1_145' title='bbox 1190 2011 1375 2092; x_wconf 88' lang='lat' dir='ltr'>quaerenda</span> 
     </span>
     <span class='ocr_line' id='line_1_17' title="bbox 206 2117 1376 2200; baseline 0.001 -21"><span class='ocrx_word' id='word_1_146' title='bbox 206 2119 237 2179; x_wconf 86' lang='lat' dir='ltr'>et</span> <span class='ocrx_word' id='word_1_147' title='bbox 249 2120 376 2198; x_wconf 89' lang='lat' dir='ltr'>propter</span> <span class='ocrx_word' id='word_1_148' title='bbox 388 2117 453 2180; x_wconf 89' lang='lat' dir='ltr'>eius</span> <span class='ocrx_word' id='word_1_149' title='bbox 465 2118 560 2199; x_wconf 86' lang='lat' dir='ltr'>ipsius</span> <span class='ocrx_word' id='word_1_150' title='bbox 572 2118 788 2182; x_wconf 84' lang='lat' dir='ltr'>difficultatem</span> <span class='ocrx_word' id='word_1_151' title='bbox 800 2121 831 2180; x_wconf 90' lang='lat' dir='ltr'>et</span> <span class='ocrx_word' id='word_1_152' title='bbox 843 2121 1072 2199; x_wconf 79' lang='lat' dir='ltr'>propterviam,</span> <span class='ocrx_word' id='word_1_153' title='bbox 1085 2138 1183 2200; x_wconf 88' lang='lat' dir='ltr'>quam</span> <span class='ocrx_word' id='word_1_154' title='bbox 1192 2119 1376 2181; x_wconf 86' lang='lat' dir='ltr'>institerunt</span> 
     </span>
     <span class='ocr_line' id='line_1_18' title="bbox 204 2222 1375 2306; baseline 0.003 -22"><span class='ocrx_word' id='word_1_155' title='bbox 204 2222 261 2284; x_wconf 88' lang='lat' dir='ltr'>viri</span> <span class='ocrx_word' id='word_1_156' title='bbox 284 2223 382 2300; x_wconf 83' lang='lat' dir='ltr'>docti,</span> <span class='ocrx_word' id='word_1_157' title='bbox 411 2244 600 2306; x_wconf 88' lang='lat' dir='ltr'>perversam.</span> <span class='ocrx_word' id='word_1_158' title='bbox 642 2225 766 2288; x_wconf 86' lang='lat' dir='ltr'>Etenim</span> <span class='ocrx_word' id='word_1_159' title='bbox 790 2244 846 2305; x_wconf 88' lang='lat' dir='ltr'>per</span> <span class='ocrx_word' id='word_1_160' title='bbox 869 2243 902 2286; x_wconf 90' lang='lat' dir='ltr'>se</span> <span class='ocrx_word' id='word_1_161' title='bbox 925 2229 1010 2305; x_wconf 85' lang='lat' dir='ltr'>patet</span> <span class='ocrx_word' id='word_1_162' title='bbox 1032 2225 1082 2287; x_wconf 93' lang='lat' dir='ltr'>vel</span> <span class='ocrx_word' id='word_1_163' title='bbox 1102 2227 1135 2288; x_wconf 86' lang='lat' dir='ltr'>in</span> <span class='ocrx_word' id='word_1_164' title='bbox 1157 2225 1375 2288; x_wconf 85' lang='lat' dir='ltr'>vetustissimis</span> 
     </span>
    </p>
   </div>
   <div class='ocr_carea' id='block_1_7' title="bbox 205 2329 1476 2414">
    <p class='ocr_par' dir='ltr' id='par_1_7' title="bbox 205 2329 1476 2414">
     <span class='ocr_line' id='line_1_19' title="bbox 205 2329 1476 2414; baseline -0.002 -23"><span class='ocrx_word' id='word_1_165' title='bbox 205 2329 368 2393; x_wconf 86' lang='lat' dir='ltr'>latinitatis</span> <span class='ocrx_word' id='word_1_166' title='bbox 389 2333 618 2408; x_wconf 86' lang='lat' dir='ltr'>monumentis,</span> <span class='ocrx_word' id='word_1_167' title='bbox 648 2351 732 2414; x_wconf 85' lang='lat' dir='ltr'>quae</span> <span class='ocrx_word' id='word_1_168' title='bbox 755 2329 844 2393; x_wconf 90' lang='lat' dir='ltr'>nohis</span> <span class='ocrx_word' id='word_1_169' title='bbox 866 2335 1051 2411; x_wconf 89' lang='lat' dir='ltr'>supersunt,</span> <span class='ocrx_word' id='word_1_170' title='bbox 1074 2331 1193 2394; x_wconf 91' lang='lat' dir='ltr'>nedum</span> <span class='ocrx_word' id='word_1_171' title='bbox 1216 2332 1247 2393; x_wconf 92' lang='lat' dir='ltr'>in</span> <span class='ocrx_word' id='word_1_172' title='bbox 1272 2331 1374 2394; x_wconf 89' lang='lat' dir='ltr'>multo</span> <span class='ocrx_word' id='word_1_173' title='bbox 1475 2381 1476 2388; x_wconf 71' lang='grc'>,</span> 
     </span>
    </p>
   </div>
   <div class='ocr_carea' id='block_1_8' title="bbox 116 2436 1374 3906">
    <p class='ocr_par' dir='ltr' id='par_1_8' title="bbox 205 2436 1374 2840">
     <span class='ocr_line' id='line_1_20' title="bbox 206 2436 1374 2519; baseline 0.002 -21"><span class='ocrx_word' id='word_1_174' title='bbox 206 2436 436 2517; x_wconf 62' lang='lat' dir='ltr'>posterioribus</span> <span class='ocrx_word' id='word_1_175' title='bbox 457 2437 674 2519; x_wconf 84' lang='lat' dir='ltr'>primigeniam</span> <span class='ocrx_word' id='word_1_176' title='bbox 697 2438 823 2517; x_wconf 88' lang='lat' dir='ltr'>linguae</span> <span class='ocrx_word' id='word_1_177' title='bbox 852 2439 1001 2500; x_wconf 87' lang='lat' dir='ltr'>naturam</span> <span class='ocrx_word' id='word_1_178' title='bbox 1032 2441 1109 2499; x_wconf 89' lang='lat' dir='ltr'>ante&#39;</span> <span class='ocrx_word' id='word_1_179' title='bbox 1128 2439 1235 2500; x_wconf 85' lang='lat' dir='ltr'>oeulos</span> <span class='ocrx_word' id='word_1_180' title='bbox 1255 2439 1374 2500; x_wconf 85' lang='lat' dir='ltr'>versari</span> 
     </span>
     <span class='ocr_line' id='line_1_21' title="bbox 206 2542 1374 2624; baseline 0.003 -20"><span class='ocrx_word' id='word_1_181' title='bbox 206 2561 271 2605; x_wconf 91' lang='lat' dir='ltr'>non</span> <span class='ocrx_word' id='word_1_182' title='bbox 290 2561 357 2606; x_wconf 85' lang='lat' dir='ltr'>esse</span> <span class='ocrx_word' id='word_1_183' title='bbox 381 2544 587 2624; x_wconf 87' lang='lat' dir='ltr'>opinandum.</span> <span class='ocrx_word' id='word_1_184' title='bbox 631 2543 730 2620; x_wconf 89' lang='lat' dir='ltr'>Nam,</span> <span class='ocrx_word' id='word_1_185' title='bbox 756 2543 787 2604; x_wconf 93' lang='lat' dir='ltr'>id</span> <span class='ocrx_word' id='word_1_186' title='bbox 809 2542 895 2623; x_wconf 87' lang='lat' dir='ltr'>quod</span> <span class='ocrx_word' id='word_1_187' title='bbox 917 2561 1013 2624; x_wconf 88' lang='lat' dir='ltr'>supra</span> <span class='ocrx_word' id='word_1_188' title='bbox 1035 2543 1161 2620; x_wconf 88' lang='lat' dir='ltr'>monui,</span> <span class='ocrx_word' id='word_1_189' title='bbox 1188 2543 1293 2606; x_wconf 90' lang='lat' dir='ltr'>multis</span> <span class='ocrx_word' id='word_1_190' title='bbox 1316 2544 1374 2607; x_wconf 87' lang='lat' dir='ltr'>illis</span> 
     </span>
     <span class='ocr_line' id='line_1_22' title="bbox 206 2649 1372 2732; baseline 0.002 -21"><span class='ocrx_word' id='word_1_191' title='bbox 206 2649 351 2726; x_wconf 77' lang='lat' dir='ltr'>saeeulin,</span> <span class='ocrx_word' id='word_1_192' title='bbox 379 2670 435 2731; x_wconf 91' lang='lat' dir='ltr'>per</span> <span class='ocrx_word' id='word_1_193' title='bbox 464 2669 546 2732; x_wconf 87' lang='lat' dir='ltr'>quae</span> <span class='ocrx_word' id='word_1_194' title='bbox 576 2655 649 2714; x_wconf 87' lang='lat' dir='ltr'>aute</span> <span class='ocrx_word' id='word_1_195' title='bbox 676 2650 824 2713; x_wconf 86' lang='lat' dir='ltr'>Plautina</span> <span class='ocrx_word' id='word_1_196' title='bbox 851 2654 996 2730; x_wconf 89' lang='lat' dir='ltr'>tempora</span> <span class='ocrx_word' id='word_1_197' title='bbox 1025 2649 1091 2712; x_wconf 83' lang='lat' dir='ltr'>sine</span> <span class='ocrx_word' id='word_1_198' title='bbox 1117 2650 1181 2714; x_wconf 92' lang='lat' dir='ltr'>ullo</span> <span class='ocrx_word' id='word_1_199' title='bbox 1211 2651 1372 2714; x_wconf 89' lang='lat' dir='ltr'>literarum</span> 
     </span>
     <span class='ocr_line' id='line_1_23' title="bbox 205 2757 1339 2840; baseline 0.001 -22"><span class='ocrx_word' id='word_1_200' title='bbox 205 2776 264 2818; x_wconf 89' lang='lat' dir='ltr'>usu</span> <span class='ocrx_word' id='word_1_201' title='bbox 286 2757 429 2837; x_wconf 83' lang='lat' dir='ltr'>viguerat</span> <span class='ocrx_word' id='word_1_202' title='bbox 450 2776 497 2833; x_wconf 88' lang='lat' dir='ltr'>ea,</span> <span class='ocrx_word' id='word_1_203' title='bbox 521 2761 603 2820; x_wconf 85' lang='lat' dir='ltr'>certe</span> <span class='ocrx_word' id='word_1_204' title='bbox 626 2776 819 2838; x_wconf 87' lang='lat' dir='ltr'>magnopere</span> <span class='ocrx_word' id='word_1_205' title='bbox 841 2757 1010 2820; x_wconf 87' lang='lat' dir='ltr'>immutata</span> <span class='ocrx_word' id='word_1_206' title='bbox 1032 2776 1069 2820; x_wconf 88' lang='lat' dir='ltr'>ac</span> <span class='ocrx_word' id='word_1_207' title='bbox 1093 2761 1240 2840; x_wconf 79' lang='lat' dir='ltr'>corrupta</span> <span class='ocrx_word' id='word_1_208' title='bbox 1262 2761 1339 2820; x_wconf 84' lang='lat' dir='ltr'>erat.</span> 
     </span>
    </p>

    <p class='ocr_par' dir='ltr' id='par_1_9' title="bbox 116 2863 1374 3906">
     <span class='ocr_line' id='line_1_24' title="bbox 204 2863 1373 2946; baseline 0.002 -21"><span class='ocrx_word' id='word_1_209' title='bbox 204 2871 207 2875; x_wconf 83' lang='grc'><strong>“</strong></span> <span class='ocrx_word' id='word_1_210' title='bbox 288 2863 394 2939; x_wconf 85' lang='lat' dir='ltr'>Quare</span> <span class='ocrx_word' id='word_1_211' title='bbox 415 2864 469 2944; x_wconf 92' lang='lat' dir='ltr'>qui</span> <span class='ocrx_word' id='word_1_212' title='bbox 490 2863 684 2941; x_wconf 81' lang='lat' dir='ltr'>historicam,</span> <span class='ocrx_word' id='word_1_213' title='bbox 710 2865 795 2946; x_wconf 85' lang='lat' dir='ltr'>quae&#39;</span> <span class='ocrx_word' id='word_1_214' title='bbox 815 2868 963 2940; x_wconf 85' lang='lat' dir='ltr'>vocatur,</span> <span class='ocrx_word' id='word_1_215' title='bbox 994 2866 1149 2928; x_wconf 88' lang='lat' dir='ltr'>rationem</span> <span class='ocrx_word' id='word_1_216' title='bbox 1172 2865 1293 2946; x_wconf 83' lang='lat' dir='ltr'>ingredi</span> <span class='ocrx_word' id='word_1_217' title='bbox 1315 2865 1373 2927; x_wconf 89' lang='lat' dir='ltr'>sibi</span> 
     </span>
     <span class='ocr_line' id='line_1_25' title="bbox 206 2971 1374 3054; baseline 0.002 -22"><span class='ocrx_word' id='word_1_218' title='bbox 206 2971 411 3052; x_wconf 85' lang='lat' dir='ltr'>proposuerit,</span> <span class='ocrx_word' id='word_1_219' title='bbox 434 2989 508 3032; x_wconf 89' lang='lat' dir='ltr'>eum</span> <span class='ocrx_word' id='word_1_220' title='bbox 530 2988 595 3032; x_wconf 92' lang='lat' dir='ltr'>non</span> <span class='ocrx_word' id='word_1_221' title='bbox 617 2991 699 3052; x_wconf 88' lang='lat' dir='ltr'>quae</span> <span class='ocrx_word' id='word_1_222' title='bbox 721 2976 846 3034; x_wconf 85' lang='lat' dir='ltr'>servata</span> <span class='ocrx_word' id='word_1_223' title='bbox 867 2976 941 3034; x_wconf 88' lang='lat' dir='ltr'>sunt</span> <span class='ocrx_word' id='word_1_224' title='bbox 961 2976 1088 3036; x_wconf 91' lang='lat' dir='ltr'>tantum</span> <span class='ocrx_word' id='word_1_225' title='bbox 1110 2974 1261 3052; x_wconf 80' lang='lat' dir='ltr'>respicere</span> <span class='ocrx_word' id='word_1_226' title='bbox 1280 2989 1374 3054; x_wconf 89' lang='lat' dir='ltr'>opor-</span> 
     </span>
     <span class='ocr_line' id='line_1_26' title="bbox 205 3076 1374 3159; baseline 0.002 -19"><span class='ocrx_word' id='word_1_227' title='bbox 205 3080 267 3154; x_wconf 91' lang='lat' dir='ltr'>tet,</span> <span class='ocrx_word' id='word_1_228' title='bbox 297 3077 352 3141; x_wconf 87' lang='lat' dir='ltr'>sed</span> <span class='ocrx_word' id='word_1_229' title='bbox 373 3077 420 3140; x_wconf 84' lang='lat' dir='ltr'>his</span> <span class='ocrx_word' id='word_1_230' title='bbox 442 3077 532 3158; x_wconf 87' lang='lat' dir='ltr'>quasi</span> <span class='ocrx_word' id='word_1_231' title='bbox 554 3076 646 3138; x_wconf 89' lang='lat' dir='ltr'>firmo</span> <span class='ocrx_word' id='word_1_232' title='bbox 667 3077 876 3141; x_wconf 87' lang='lat' dir='ltr'>fundamento</span> <span class='ocrx_word' id='word_1_233' title='bbox 908 3079 1016 3142; x_wconf 83' lang='lat' dir='ltr'>nixum</span> <span class='ocrx_word' id='word_1_234' title='bbox 1044 3079 1207 3159; x_wconf 87' lang='lat' dir='ltr'>diligenter</span> <span class='ocrx_word' id='word_1_235' title='bbox 1233 3099 1270 3142; x_wconf 83' lang='lat' dir='ltr'>ae</span> <span class='ocrx_word' id='word_1_236' title='bbox 1297 3080 1374 3142; x_wconf 91' lang='lat' dir='ltr'>sub-</span> 
     </span>
     <span class='ocr_line' id='line_1_27' title="bbox 116 3181 1373 3268; baseline 0.004 -23"><span class='ocrx_word' id='word_1_237' title='bbox 116 3213 119 3218; x_wconf 95' lang='lat'>·</span> <span class='ocrx_word' id='word_1_238' title='bbox 205 3183 300 3247; x_wconf 89' lang='lat' dir='ltr'>tiliter</span> <span class='ocrx_word' id='word_1_239' title='bbox 330 3181 550 3247; x_wconf 76' lang='lat' dir='ltr'>ratiocinando</span> <span class='ocrx_word' id='word_1_240' title='bbox 578 3181 848 3266; x_wconf 84' lang='lat' dir='ltr'>coniectandoque</span> <span class='ocrx_word' id='word_1_241' title='bbox 874 3185 1001 3248; x_wconf 89' lang='lat' dir='ltr'>studere</span> <span class='ocrx_word' id='word_1_242' title='bbox 1034 3186 1075 3248; x_wconf 93' lang='lat' dir='ltr'>ad</span> <span class='ocrx_word' id='word_1_243' title='bbox 1105 3187 1272 3268; x_wconf 87' lang='lat' dir='ltr'>originaria</span> <span class='ocrx_word' id='word_1_244' title='bbox 1301 3207 1373 3268; x_wconf 89' lang='lat' dir='ltr'>per-</span> 
     </span>
     <span class='ocr_line' id='line_1_28' title="bbox 205 3289 1371 3375; baseline 0.003 -23"><span class='ocrx_word' id='word_1_245' title='bbox 205 3291 321 3354; x_wconf 87' lang='lat' dir='ltr'>venire.</span> <span class='ocrx_word' id='word_1_246' title='bbox 363 3289 409 3353; x_wconf 86' lang='lat' dir='ltr'>lta</span> <span class='ocrx_word' id='word_1_247' title='bbox 440 3290 532 3372; x_wconf 90' lang='lat' dir='ltr'>igitur</span> <span class='ocrx_word' id='word_1_248' title='bbox 565 3309 622 3352; x_wconf 86' lang='lat' dir='ltr'>nos</span> <span class='ocrx_word' id='word_1_249' title='bbox 656 3309 783 3373; x_wconf 89' lang='lat' dir='ltr'>quoque</span> <span class='ocrx_word' id='word_1_250' title='bbox 814 3293 846 3353; x_wconf 91' lang='lat' dir='ltr'>in</span> <span class='ocrx_word' id='word_1_251' title='bbox 881 3292 940 3354; x_wconf 84' lang='lat' dir='ltr'>hae</span> <span class='ocrx_word' id='word_1_252' title='bbox 969 3313 1002 3354; x_wconf 88' lang='lat' dir='ltr'>re</span> <span class='ocrx_word' id='word_1_253' title='bbox 1038 3295 1195 3374; x_wconf 81' lang='lat' dir='ltr'>proposita</span> <span class='ocrx_word' id='word_1_254' title='bbox 1229 3314 1371 3375; x_wconf 77' lang='lat' dir='ltr'>agamuS,</span> 
     </span>
     <span class='ocr_line' id='line_1_29' title="bbox 206 3397 1372 3480; baseline 0.003 -19"><span class='ocrx_word' id='word_1_255' title='bbox 206 3417 279 3461; x_wconf 85' lang='lat' dir='ltr'>uum</span> <span class='ocrx_word' id='word_1_256' title='bbox 307 3399 490 3480; x_wconf 89' lang='lat' dir='ltr'>praesertim</span> <span class='ocrx_word' id='word_1_257' title='bbox 522 3402 553 3461; x_wconf 90' lang='lat' dir='ltr'>et</span> <span class='ocrx_word' id='word_1_258' title='bbox 581 3417 619 3460; x_wconf 85' lang='lat' dir='ltr'>ex</span> <span class='ocrx_word' id='word_1_259' title='bbox 646 3399 713 3478; x_wconf 89' lang='lat' dir='ltr'>ipsa</span> <span class='ocrx_word' id='word_1_260' title='bbox 743 3398 816 3478; x_wconf 80' lang='lat' dir='ltr'>quin</span> <span class='ocrx_word' id='word_1_261' title='bbox 844 3397 975 3461; x_wconf 84' lang='lat' dir='ltr'>voculae</span> <span class='ocrx_word' id='word_1_262' title='bbox 1005 3400 1106 3464; x_wconf 81' lang='lat' dir='ltr'>forma</span> <span class='ocrx_word' id='word_1_263' title='bbox 1136 3404 1211 3464; x_wconf 83' lang='lat' dir='ltr'>salis</span> <span class='ocrx_word' id='word_1_264' title='bbox 1237 3403 1372 3466; x_wconf 88' lang='lat' dir='ltr'>contrita</span> 
     </span>
     <span class='ocr_line' id='line_1_30' title="bbox 206 3501 1372 3586; baseline 0.006 -20"><span class='ocrx_word' id='word_1_265' title='bbox 206 3503 368 3586; x_wconf 78' lang='lat' dir='ltr'>(quoniam</span> <span class='ocrx_word' id='word_1_266' title='bbox 395 3525 431 3566; x_wconf 78' lang='lat' dir='ltr'>en</span> <span class='ocrx_word' id='word_1_267' title='bbox 459 3505 572 3585; x_wconf 88' lang='lat' dir='ltr'>queiue</span> <span class='ocrx_word' id='word_1_268' title='bbox 598 3503 763 3585; x_wconf 88' lang='lat' dir='ltr'>paullatim</span> <span class='ocrx_word' id='word_1_269' title='bbox 786 3504 868 3567; x_wconf 85' lang='lat' dir='ltr'>facta</span> <span class='ocrx_word' id='word_1_270' title='bbox 891 3501 955 3584; x_wconf 86' lang='lat' dir='ltr'>est)</span> <span class='ocrx_word' id='word_1_271' title='bbox 984 3509 1075 3570; x_wconf 83' lang='lat' dir='ltr'>etex</span> <span class='ocrx_word' id='word_1_272' title='bbox 1100 3507 1237 3571; x_wconf 88' lang='lat' dir='ltr'>maximo</span> <span class='ocrx_word' id='word_1_273' title='bbox 1264 3530 1372 3573; x_wconf 87' lang='lat' dir='ltr'>exem-</span> 
     </span>
     <span class='ocr_line' id='line_1_31' title="bbox 195 3611 1371 3696; baseline 0.001 -19"><span class='ocrx_word' id='word_1_274' title='bbox 195 3612 329 3694; x_wconf 92' lang='lat' dir='ltr'>plorum</span> <span class='ocrx_word' id='word_1_275' title='bbox 340 3611 559 3693; x_wconf 62' lang='grc' dir='ltr'>Ι-θοῖυιιηυο</span> <span class='ocrx_word' id='word_1_276' title='bbox 572 3611 850 3674; x_wconf 84' lang='lat' dir='ltr'>diversissimorum</span> <span class='ocrx_word' id='word_1_277' title='bbox 862 3648 899 3654; x_wconf 95' lang='lat'><em>-</em></span> <span class='ocrx_word' id='word_1_278' title='bbox 913 3633 1056 3689; x_wconf 85' lang='lat' dir='ltr'>numeru,</span> <span class='ocrx_word' id='word_1_279' title='bbox 1064 3615 1118 3696; x_wconf 90' lang='lat' dir='ltr'>qui</span> <span class='ocrx_word' id='word_1_280' title='bbox 1127 3617 1213 3696; x_wconf 88' lang='lat' dir='ltr'>apud</span> <span class='ocrx_word' id='word_1_281' title='bbox 1221 3617 1371 3679; x_wconf 86' lang='lat' dir='ltr'>Plautum</span> 
     </span>
     <span class='ocr_line' id='line_1_32' title="bbox 206 3715 1371 3806; baseline 0.003 -24"><span class='ocrx_word' id='word_1_282' title='bbox 206 3715 372 3801; x_wconf 82' lang='lat' dir='ltr'>reperitur,</span> <span class='ocrx_word' id='word_1_283' title='bbox 396 3719 472 3797; x_wconf 78' lang='lat' dir='ltr'>quiri</span> <span class='ocrx_word' id='word_1_284' title='bbox 494 3717 723 3806; x_wconf 34' lang='lat' dir='ltr'>antiquissimis·</span> <span class='ocrx_word' id='word_1_285' title='bbox 738 3719 932 3800; x_wconf 90' lang='lat' dir='ltr'>temporibus</span> <span class='ocrx_word' id='word_1_286' title='bbox 955 3719 1113 3784; x_wconf 90' lang='lat' dir='ltr'>uberrimo</span> <span class='ocrx_word' id='word_1_287' title='bbox 1144 3722 1175 3783; x_wconf 93' lang='lat' dir='ltr'>in</span> <span class='ocrx_word' id='word_1_288' title='bbox 1200 3741 1257 3785; x_wconf 86' lang='lat' dir='ltr'>usu</span> <span class='ocrx_word' id='word_1_289' title='bbox 1279 3724 1371 3786; x_wconf 83' lang='lat' dir='ltr'>fuisse</span> 
     </span>
     <span class='ocr_line' id='line_1_33' title="bbox 206 3825 1372 3906; baseline 0.003 -16"><span class='ocrx_word' id='word_1_290' title='bbox 206 3826 378 3902; x_wconf 64' lang='lat' dir='ltr'>videamus</span> <span class='ocrx_word' id='word_1_291' title='bbox 398 3844 519 3906; x_wconf 87' lang='lat' dir='ltr'>nosque</span> <span class='ocrx_word' id='word_1_292' title='bbox 541 3827 695 3906; x_wconf 87' lang='lat' dir='ltr'>appareat</span> <span class='ocrx_word' id='word_1_293' title='bbox 712 3825 840 3889; x_wconf 87' lang='lat' dir='ltr'>minime</span> <span class='ocrx_word' id='word_1_294' title='bbox 855 3827 1014 3906; x_wconf 86' lang='lat' dir='ltr'>cognitam</span> <span class='ocrx_word' id='word_1_295' title='bbox 1024 3827 1141 3892; x_wconf 89' lang='lat' dir='ltr'>habere</span> <span class='ocrx_word' id='word_1_296' title='bbox 1160 3831 1258 3892; x_wconf 89' lang='lat' dir='ltr'>totam</span> <span class='ocrx_word' id='word_1_297' title='bbox 1278 3828 1372 3894; x_wconf 90' lang='lat' dir='ltr'>huius</span> 
     </span>
    </p>
   </div>
   <div class='ocr_carea' id='block_1_9' title="bbox 0 0 1500 4522">
    <p class='ocr_par' dir='ltr' id='par_1_10' title="bbox 0 0 1500 4522">
     <span class='ocr_line' id='line_1_34' title="bbox 0 0 1500 4522; baseline 0 0"><span class='ocrx_word' id='word_1_298' title='bbox 0 0 1500 4522; x_wconf 95' lang='lat' dir='ltr'> </span> 
     </span>
    </p>
   </div>
  </div>
 </body>
</html>
