2990 4522
733 275 775 340 43

168 527 170 532 Α
247 473 309 540 Mil.
333 475 410 556 glor.
436 475 516 540 1749
537 495 603 560 sm:
635 469 769 543 Durare
788 494 906 559 nequeo
924 480 1001 558 φαίη
1023 481 1109 545 intro
1131 501 1210 547 enm.

248 579 440 657 Curc.178:
484 581 655 651 Enimvero
689 599 805 664 nequeo
833 584 954 650 durare
983 585 1059 666 φαίη
1087 607 1142 670 epo
1168 609 1256 653 erum
1281 608 1335 655 oc·

167 709 288 754 cursem
309 709 419 754 meum.

248 821 367 903 Amph.
389 818 469 885 3082
499 819 571 886 Nou
583 821 673 902 feret
692 823 768 902 φαίη
790 822 929 902 copulet.

250 927 286 992 In
303 927 483 992 Vidulan‘ae
501 927 613 1008 fragm.
635 927 701 1010 II.*)
722 932 892 1020 postquam
910 929 1003 993 Dinia
1022 930 1173 1012 promisit
1185 949 1219 993 se
1241 929 1335 994 Nico·

168 1035 279 1111 demo,
307 1053 407 1116 quam
436 1033 589 1116 petiverat
618 1035 756 1113 minam,
780 1054 856 1100 eam
888 1035 1038 1100 daturum
1061 1054 1144 1112 esse,
1173 1053 1238 1100 non
1259 1055 1335 1102 vero

168 1140 304 1218 faenori,
324 1139 376 1208 hie
394 1141 566 1222 respondet
586 1160 615 1204 v.
638 1141 674 1204 31
698 1161 785 1224 squ:
828 1141 878 1206 Di
903 1141 961 1208 tibi
987 1141 1079 1208 iilum
1101 1141 1213 1234 script
1229 1140 1334 1222 filium

171 1246 293 1312 saluom
321 1253 421 1324 tuum,
449 1245 520 1326 φαίη
544 1246 636 1325 miti,
664 1248 719 1326 φαί
738 1249 859 1328 vivom,
882 1250 1005 1328 copiam
1033 1251 1122 1328 inopi
1134 1248 1247 1331 focis3
1277 1247 1335 1312 sed

172 1354 248 1435 φαίη
278 1351 408 1416 accedet
436 1353 553 1426 foenus
582 1351 618 1416 id
644 1373 706 1417 ηοη
735 1353 880 1436 postulo:
914 1355 992 1418 aber
1018 1353 1069 1418 ich
1099 1354 1249 1434 verlange
1276 1352 1335 1417 das

166 1459 266 1537 nicht,
290 1493 329 1502 -
357 1458 430 1522 dass
461 1457 505 1522 du
532 1459 592 1522 mir
612 1457 691 1523 Geld
717 1459 828 1524 leihest
854 1459 992 1524 namIIch
1012 1493 1066 1537 -‚
1089 1459 1173 1523 ohne
1194 1461 1267 1524 dass
1289 1459 1333 1522 du

163 1565 278 1630 Zinsen
300 1565 439 1628 nimmst.

246 1785 368 1850 Deinde
389 1790 497 1851 antem
518 1787 600 1850 duae
621 1787 795 1852 locutiones
815 1787 867 1851 hic
887 1792 963 1853 sunt
984 1787 1184 1865 tractandae,
1210 1781 1243 1852 et
1262 1787 1334 1852 ittae

166 1893 243 1956 satis
276 1893 381 1974 magni
415 1893 576 1956 momenti.
640 1891 688 1956 Ac
721 1893 806 1976 prior
838 1893 967 1975 quidem
1002 1898 1048 1958 est
1076 1915 1139 1958 ηοη
1162 1941 1169 1956 .
1193 1941 1200 1956 .
1224 1939 1232 1958 .
1255 1894 1332 1974 φαίη

167 2001 204 2062 ut
231 2002 340 2062 nostra
368 1999 476 2080 lingua
504 2003 592 2064 utar:
634 1999 915 2079 nicht..‚als
941 2000 988 2064 ob
1008 2000 1129 2064 nicht.
1170 1999 1260 2076 Quae
1287 1999 1335 2064 lo·
1447 2060 1454 2071 ,

166 2106 249 2171 cutio
278 2105 366 2187 apud
394 2105 547 2170 Plautum
578 2125 642 2170 uno
663 2105 733 2170 loco
758 2106 819 2170 sub
850 2105 884 2188 a)
922 2107 1073 2190 ponendo
1103 2107 1259 2188 reperitur
1267 2104 1332 2187 **):

165 2210 342 2276 Trinumm.
366 2211 444 2276 341:
476 2210 548 2276 Non
570 2232 605 2276 eo
627 2211 705 2276 tneo
727 2212 797 2276 dieo
819 2214 904 2292 φαίη,
927 2229 1008 2293 quae
1028 2219 1062 2277 tu
1084 2213 1142 2308 ets,
1164 2231 1219 2294 epo
1239 2211 1333 2277 velim

165 2318 336 2399 etfaciam
358 2317 478 2383 iudeus.

244 2447 355 2512 Altera
377 2467 453 2512 vero
474 2448 561 2530 apud
584 2448 735 2517 Plautum
763 2447 865 2512 solum
894 2448 1042 2525 occurrit,
1070 2450 1167 2530 atque
1195 2465 1234 2512 ea
1258 2447 1334 2514 satis

165 2553 321 2636 frequens.
384 2553 474 2632 Quae
510 2554 626 2618 locutio
664 2553 797 2636 (mirum
833 2555 939 2634 φαίη.
962 2603 969 2616 .
992 2551 1112 2635 .dico)
1139 2572 1333 2636 unoquoque

164 2659 234 2724 loco
262 2659 379 2724 ironice
408 2664 454 2725 oet
480 2661 573 2725 dicta.
616 2660 642 2724 Ε
667 2681 711 2742 gr.
734 2658 859 2725 Mirum
889 2662 966 2741 φαίη
995 2661 1053 2724 tibi
1068 2649 1150 2742 'erpo
1173 2660 1332 2724 crederem

167 2783 203 2820 =
223 2786 285 2830 ηοη
303 2768 475 2830 estmtrum
490 2767 574 2847 quod
586 2767 644 2831 tibi
655 2788 718 2831 ηοη
729 2768 821 2832 credo
843 2766 941 2849 (Pers.
953 2768 981 2845 3,
991 2769 1046 2842 283
1063 2768 1101 2831 cf.
1112 2765 1270 2830 Holtzium
1283 2765 1301 2829 l.
1312 2766 1331 2828 l.

165 2893 196 2956 p.
219 2873 300 2955 179).
350 2872 502 2938 Conferas
528 2873 694 2937 Duentzer.
723 2873 764 2938 ad
798 2873 862 2937 Liv.
884 2873 1029 2938 Andron.
1057 2874 1093 2938 fr.
1114 2872 1202 2937 Aiac.
1228 2893 1258 2956 p.
1282 2872 1331 2949 39,
1391 2877 1395 2900 '

165 2981 220 3044 ubi
240 2979 320 3045 haec
342 2967 468 3044 extant:
513 2979 586 3043 »nst
606 2980 686 3044 haec
710 2962 901 3062 indignantis
922 2980 1058 3044 formula
1090 2983 1122 3043 et
1143 2979 1263 3042 ironiae
1284 2977 1332 3042 in·

163 3087 268 3150 servit.
300 3085 347 3150 Cf.
361 3087 454 3151 Paret
467 3087 523 3151 lex.
541 3087 644 3150 Plaut.
661 3091 693 3150 et
707 3085 834 3150 Forcell.
845 3106 874 3150 v.
889 3087 1024 3161 mirus‹;
1047 3083 1148 3150 Rostii
1161 3087 1331 3149 comment.

163 3191 268 3258 Plaut.
291 3214 321 3276 p.
346 3193 403 3258 177
427 3213 489 3276 sq.;
522 3193 645 3274 Ussing.
665 3193 906 3258 adnotationem
932 3193 974 3256 ad
995 3191 1098 3258 Plaut.
1120 3189 1279 3273 Amphitr.
1301 3209 1331 3252 v.

41 3342 45 3352 -
164 3299 225 3370 743
248 3304 306 3364 etc.

168 3485 360 3496 -nu--u-u

262 3573 288 3644 ¹⁸)
305 3574 339 3628 of.
359 3573 545 3629 Studemundi
568 3575 716 3628 comment.
735 3573 769 3627 de
790 3571 881 3626 Vidul.
899 3571 992 3624 Pluut.
1011 3569 1041 3623 in
1059 3567 1141 3623 indic.
1161 3568 1245 3623 schol.
1261 3568 1332 3638 Gry·
1353 3585 1361 3599 ¹

164 3660 309 3731 phiswald.
330 3661 437 3730 1870171
457 3679 484 3731 p.
504 3661 536 3714 18
555 3678 594 3730 eq.

249 3764 289 3834 ”t
307 3764 454 3819 Praeterea
463 3765 515 3819 hoc
524 3782 611 3817 unum
621 3762 778 3833 exemplum
789 3760 883 3817 inveni
894 3759 924 3814 in
935 3761 997 3814 tota
1010 3756 1152 3813 latinitate
1165 3757 1332 3812 vetustiore:

162 3850 221 3906 cat.
245 3851 333 3922 origg.
352 3851 411 3906 relt
435 3870 462 3922 p.
484 3853 524 3916 16,
543 3852 559 3904 9
584 3851 626 3906 ed.
644 3850 764 3904 Jordan:
801 3849 883 3904 Haut
906 3864 952 3903 eea
978 3863 1009 3901 eo
1038 3851 1207 3916 postremum
1232 3845 1329 3914 cetto,

161 3938 229 4006 φαίη
242 3939 348 4010 populi
365 3946 392 3995 et
408 3939 473 3995 tout
490 3945 517 3994 et
530 3939 635 3994 ηααιαί
651 3943 735 3994 ment.
