2990 4522
195 533 294 597 quarn
317 515 349 578 in
370 513 435 579 vita
456 517 519 580 tua·
535 515 664 594 efficieS,
686 537 728 580 ne
755 538 812 599 ego
838 517 929 584 Sosia
957 520 1047 582 sim«.
1088 521 1137 586 Ac
1165 527 1251 588 reete
1285 525 1363 590 mihi

195 619 323 686 videtur
342 621 422 686 haec
443 621 564 686 dixisse.
1360 621 1366 638 “

278 725 374 792 Stich.
398 727 475 791 754:
519 727 699 809 Numquam
720 731 802 794 enim
831 729 923 795 lodie
951 731 1019 811 tet,
1054 733 1132 798 haec
1159 736 1236 814 quein
1269 735 1365 802 saltet

196 835 311 900 tamen.

277 937 448 1004 Praeterea
469 940 616 1022 equidem
638 941 701 1006 hue
721 942 920 1006 referendum
942 945 1020 1026 puto
1043 944 1163 1023 locum,
1185 947 1240 1028 qui
1260 949 1364 1010 exstat

195 1045 257 1110 Mil.
269 1046 346 1128 glor.
368 1047 447 1110 1125
462 1067 518 1129 sq,
537 1047 592 1110 ubi
614 1067 723 1112 omnes
745 1048 827 1126 edd,
843 1052 1002 1130 quantum
1024 1067 1082 1131 ego
1104 1051 1235 1134 quidem
1255 1053 1363 1130 eciem,

195 1153 239 1218 sic
258 1152 416 1218 scribunt:
444 1149 533 1217 Istue
557 1174 631 1220 eoae
642 1155 747 1236 focis.
782 1154 864 1235 Quin
883 1157 995 1235 potius
1012 1177 1073 1235 per
1088 1158 1230 1239 pralium
1252 1158 1364 1222 honam

123 1277 126 1284 ·
196 1259 289 1324 abeat
317 1259 416 1324 abste.
455 1259 638 1324 Secundum
673 1280 771 1343 quam
806 1261 1093 1344 interpunctionem
1131 1263 1177 1327 ita
1208 1264 1272 1328 fere
1305 1264 1363 1327 erit

195 1366 401 1432 vertendum:
443 1367 585 1431 fiirwahr
608 1367 653 1430 sie
680 1387 755 1448 mag
781 1366 878 1432 lieber
900 1417 907 1431 .
931 1416 938 1431 .
962 1388 1051 1432 ‚von
1078 1369 1126 1432 dir
1147 1369 1260 1450 gehen.
1300 1369 1363 1432 Sed

198 1473 285 1556 apud
306 1471 459 1536 Plautum
480 1471 608 1554 quidem
630 1474 705 1552 quin
726 1473 789 1538 hac
810 1475 940 1538 notione
961 1494 1034 1538 cum
1057 1474 1150 1539 tertia
1173 1474 1363 1540 coniunctivi

196 1578 361 1660 singularis
397 1597 531 1661 persona
563 1598 740 1662 numquam
770 1579 953 1660 copulatum
982 1580 1143 1662 reperitur.
1206 1581 1363 1664 Equidem

121 1761 125 1767 ¹
197 1684 290 1766 igitur
310 1684 354 1749 sic
374 1685 615 1767 interpungamr
656 1685 745 1750 Istuc
767 1705 841 1749 cave
863 1686 961 1764 furcis,
983 1687 1060 1766 quin
1076 1688 1188 1767 potius
1205 1708 1268 1767 per
1286 1709 1363 1768 prc-

200 1791 278 1856 ttcm
299 1789 408 1855 bonam
429 1791 523 1854 abeat
548 1790 643 1869 abste,
666 1793 765 1873 atque
785 1791 827 1855 ad
848 1792 1083 1856 similitudinem
1110 1791 1262 1872 locorum,
1282 1813 1384 1875 quos

198 1898 356 1978 postremo
375 1896 476 1974 attuli,
496 1897 641 1961 referam.
672 1895 777 1974 Quam
799 1899 999 1976 sententiam,
1023 1916 1096 1962 cum
1113 1917 1169 1980 per
1189 1918 1222 1962 se
1243 1902 1362 1982 pateat,

196 2002 293 2068 fusius
315 2023 472 2086 exponere
483 2003 682 2086 supersedeo.
705 2003 775 2068 Hoc
796 2023 871 2069 vero
892 2004 963 2069 loco
985 2004 1035 2069 vel
1057 2005 1195 2068 maxime
1217 2009 1364 2086 apertum

194 2111 244 2190 fit,
271 2114 428 2192 quantum
462 2110 656 2194 paralactiea
681 2110 918 2175 enuntiatorum
947 2110 1246 2175 conformandorum
1284 2111 1364 2175 ratio

194 2216 291 2282 etiarn
310 2217 399 2299 apud
419 2217 572 2280 Plautum
593 2216 735 2280 valuerit.

277 2322 413 2387 Haasius
434 2326 542 2388 autem
563 2322 595 2386 in
617 2323 677 2386 isto
698 2342 758 2386 usu
779 2321 967 2404 explicando
992 2323 1088 2387 etiarn
1109 2342 1147 2387 eo
1169 2342 1363 2406 magnopere

194 2429 320 2494 videtur
336 2448 491 2511 peccasse,
505 2429 593 2511 quod
600 2449 630 2511 p.
641 2429 702 2494 582
716 2430 760 2492 ita
776 2429 961 2510 disputavit:
986 2430 1081 2494 »Hier
1088 2428 1133 2510 (in
1143 2430 1362 2507 locutionibus,

196 2539 375 2618 quaesunt
401 2537 512 2616 secere
541 2518 604 2600 icon
626 2556 779 2616 possam,
799 2536 878 2616 fieri
895 2557 958 2600 non
972 2543 1094 2616 potest,
1116 2539 1191 2617 quin
1217 2583 1253 2598 ..
1276 2533 1303 2616 .)
1325 2536 1364 2598 ist

194 2642 284 2706 nicht
303 2645 386 2706 etwa
408 2643 465 2706 das
486 2643 590 2707 facere
619 2644 686 2706 und
712 2643 781 2706 fieri
810 2661 845 2706 so
870 2662 909 2706 zu
935 2642 1090 2721 nahmen,
1118 2642 1165 2719 als
1192 2642 1302 2705 wtirde
1329 2661 1363 2704 es

194 2748 321 2830 negativ
340 2749 441 2813 durch
460 2750 517 2813 das
531 2728 687 2830 folgende'
700 2748 787 2831 quin,
805 2767 841 2813 so
857 2748 930 2812 dass
952 2766 985 2812 es
1004 2749 1068 2813 den
1083 2748 1162 2812 Sinn
1184 2739 1361 2811 hiitte'von

195 2854 371 2935 prohibere,
393 2855 561 2932 abstinere,
583 2858 761 2938 temperare
784 2874 814 2918 u.
828 2875 852 2917 s.
870 2875 927 2931 w.,
951 2854 1095 2936 obgleich
1116 2855 1172 2918 der
1195 2852 1363 2917 Gebrauch

195 2961 295 3025 damit
321 2961 477 3043 unget‘ahr
492 2962 763 3035 tibereinstinrnrt3
789 2967 874 3026 wilre
900 2961 965 3026 dies
989 2961 1047 3026 der
1069 2961 1152 3036 Fall,
1181 2979 1216 3022 so
1244 2961 1362 3022 mirsste

195 3085 271 3131 man
300 3071 382 3134 auch
410 3087 509 3150 sagon
536 3069 665 3132 kitnnen
695 3087 760 3132 non
786 3068 866 3132 lacio
890 3068 967 3149 quin
997 3068 1055 3130 mit
1076 3067 1150 3130 dern
1172 3065 1269 3128 Sinne
1298 3084 1362 3128 von

194 3185 260 3240 n'on
286 3177 430 3242 abstineo
457 3178 544 3259 quin.
593 3175 751 3240 Vielmehr
779 3175 819 3238 ist
847 3174 915 3237 hier
941 3173 1000 3238 das
1026 3193 1117 3254 posse
1150 3173 1206 3236 der
1236 3172 1363 3252 Haupt-

194 3283 335 3364 begriffe.
362 3293 366 3303 '

277 3390 341 3454 Sed
370 3409 467 3473 quam
497 3408 644 3471 perversa
670 3389 709 3451 sit
735 3387 813 3452 haec
839 3388 1013 3462 sententia,
1045 3390 1079 3450 ut
1106 3404 1293 3466 cognoscas,
1319 3382 1362 3446 ad

195 3502 263 3582 ipsa
285 3499 431 3581 exempla
452 3501 483 3561 te
507 3496 657 3576 allegasse
676 3496 752 3560 satis
773 3495 894 3569 habeo;
915 3495 947 3558 in
970 3512 1107 3576 quorum
1129 3489 1244 3567 nrultiS,
1267 3524 1305 3533 —
1328 3492 1364 3551 ut

194 3607 256 3672 hoc
289 3627 391 3671 unum
426 3622 670 3671 commemorem
694 3637 748 3680 —,
777 3622 883 3682 posse,
920 3619 1019 3682 quarn
1055 3597 1260 3682 principalem
1296 3616 1363 3659 esse

193 3689 513 3779 notionem'Haasius
535 3714 650 3789 censet,
670 3713 801 3776 onmiuo
823 3729 888 3772 non
909 3713 1016 3772 extare
1037 3707 1180 3770 vidimus
