2990 4522
738 269 759 332 b

171 472 203 532 et
225 469 291 552 ipsa
311 471 528 553 comparativa
547 473 669 538 ratione
687 477 910 557 pertractanda
931 479 983 546 vix
1002 481 1124 553 initium
1146 485 1265 551 factum
1287 489 1336 568 sit,

171 595 402 659 perpaucaque‚
426 579 456 641 in
479 580 594 661 quibus
615 583 812 664 acquiescere
833 586 996 667 possimus,
1018 590 1082 653 sint
1104 591 1278 658 elaborata.

252 683 406 760 Quocirca
422 685 600 751 Ludovicus
614 687 760 770 Langius‚
776 692 824 754 vir
838 693 1088 778 doctissimusac
1099 701 1334 780 quaestionibus

169 792 356 873 syntecticis,
379 812 462 875 quae
477 794 634 872 dicuntur,
657 796 854 877 clarissimus,
871 801 902 864 in
918 821 1087 883 congressu
1102 805 1334 891 philologorum

170 896 364 979 Gottingensi
382 897 534 981 (quierat
551 902 744 967 annohuius
764 907 878 970 saeculi
900 910 1162 992 quinquagesimo
1180 913 1331 999 seeundo)

169 1005 200 1067 in
223 1005 283 1068 hac
306 1025 432 1087 quoque
454 1009 678 1087 grammaticae
701 1016 791 1092 parte
818 1018 1086 1097 comparationem
1117 1023 1330 1090 adhibendam

168 1131 234 1175 esse
256 1114 512 1188 comnionefeeit3
540 1117 748 1202 potissimum
765 1139 840 1183 vero
862 1123 1000 1203 singulas
1022 1125 1143 1206 linguas
1167 1131 1332 1212 diligenter

169 1220 419 1300 perscrutandae,
443 1225 477 1284 ut
499 1223 552 1304 qui
573 1229 700 1306 quaq'ue
716 1213 821 1290 aetate
837 1248 911 1292 usus
935 1233 1193 1316 consuetudoque
1213 1237 1331 1317 suisset,

167 1327 420 1408 perspiceremus.
464 1329 534 1392 Hac
561 1333 668 1394 autem
698 1333 764 1396 sola
795 1335 915 1398 ratione
944 1337 1087 1400 intimam
1108 1342 1331 1425 propriamque

170 1434 297 1514 linguae
321 1439 469 1500 naturam
493 1440 621 1518 agnosci
643 1457 742 1520 posse.

248 1566 354 1643 Quam
376 1569 565 1634 sententiam
595 1589 667 1634 cum
694 1571 743 1633 vel
772 1571 909 1636 maxime
937 1574 1187 1653 comprobarem,
1215 1579 1329 1644 scholis

166 1673 369 1750 academice,
402 1694 482 1756 quas
515 1675 565 1738 hie
596 1677 643 1739 vir
673 1675 895 1742 illustrissimus
925 1678 964 1742 de
993 1681 1140 1745 nonnulis
1173 1685 1327 1766 capitibus

165 1781 304 1863 syntaxis
333 1781 471 1846 Graecae
494 1786 525 1846 et
545 1783 695 1860 Latinae,
725 1804 807 1866 quae
836 1787 968 1850 vocatur
995 1790 1227 1869 comparativa,
1253 1796 1327 1857 ante

165 1891 227 1950 tres
248 1907 351 1952 annos
372 1889 494 1970 Lipsiae
517 1891 646 1968 habuit,
668 1895 757 1957 tanto
786 1893 880 1958 huius
909 1895 1088 1977 disciplinae
1117 1916 1225 1961 amore
1257 1918 1328 1962 sum

164 1989 321 2073 imbutus,
349 1999 384 2060 ut
414 1999 580 2062 materiam
601 1998 675 2062 inde
696 1999 917 2083 depromptam
940 2003 1004 2082 ipse
1028 2007 1163 2068 tractare
1186 2005 1328 2070 animum

162 2101 355 2166 inducerem.
388 2103 436 2168 Ac
450 2105 587 2186 Langius
609 2107 684 2186 ertia
695 2108 911 2188 particulae
930 2129 1047 2187 usum,
1064 2111 1116 2192 qui
1133 2114 1328 2177 accuratiore

163 2210 377 2292 disquisitione
399 2217 430 2276 et
452 2213 565 2294 dignus
586 2218 666 2278 esset
686 2219 717 2277 et
737 2214 900 2296 indigeret,
920 2218 1090 2298 proposuit,
1113 2221 1149 2280 ut
1170 2238 1190 2280 a
1213 2219 1327 2300 quibus

162 2317 255 2382 initiis
288 2322 376 2383 ortus
405 2320 505 2400 qualis
533 2321 620 2402 apud
641 2321 778 2401 singulos
809 2321 975 2402 scriptores
1006 2322 1127 2398 suisset,
1156 2340 1195 2384 ex
1217 2323 1328 2387 ordine

163 2425 310 2508 deinceps
332 2427 546 2508 explicaretur.
589 2427 635 2492 De
657 2427 718 2492 hac
741 2429 833 2510 igitur
853 2447 929 2492 voce
951 2447 1043 2508 agere
1064 2430 1213 2506 conatae,
1240 2431 1327 2512 quod

163 2532 302 2596 ebenum
326 2536 405 2596 esset
426 2535 595 2616 quicquam
617 2534 788 2616 suscepisse
809 2535 884 2598 mihi
907 2555 970 2598 non
993 2535 1109 2598 videor.
1151 2535 1241 2612 Quae
1263 2537 1326 2602 iarn

163 2639 300 2720 antiquis
329 2619 541 2720 grammaticis
570 2641 701 2705 difficilis
731 2642 771 2705 ed
801 2642 1021 2724 explicandum
1054 2641 1119 2705 visa
1152 2661 1253 2725 usque
1284 2645 1326 2709 ad

163 2749 305 2810 nostram
324 2748 510 2812 memoriam
523 2748 666 2814 nondum
688 2749 800 2812 saltem
820 2749 863 2812 ita
884 2748 1038 2811 subtiliter
1056 2752 1247 2829 pertractata
1270 2754 1325 2828 est,

162 2857 198 2917 ut
215 2854 315 2934 ipsam
333 2855 399 2918 eius
419 2855 557 2920 indolem
580 2859 611 2919 et
634 2876 726 2920 usum
750 2857 921 2938 perspicere
944 2855 1105 2936 possimus.

243 2985 359 3050 Totam
381 3006 457 3050 vero
479 2989 679 3051 vetustiorem
703 2991 840 3051 aetatem
862 2988 1088 3069 pervestigare,
1112 3022 1152 3030 —
1175 2987 1262 3069 quod
1284 2987 1326 3050 ab

160 3094 250 3158 initio
271 3113 498 3177 proposueram
523 3095 616 3172 mihi,
645 3129 683 3138 -
715 3115 787 3159 eum
818 3094 948 3175 longum
969 3095 1008 3158 sit
1028 3099 1060 3157 el
1080 3093 1179 3157 multo
1201 3095 1326 3159 maioris

160 3200 285 3280 laboris
308 3223 405 3285 quam
430 3223 525 3285 quern
547 3205 680 3267 tolerare
702 3203 827 3286 possim,
849 3201 1067 3266 Plautinum
1088 3203 1215 3264 tantum
1233 3200 1326 3266 huius

160 3309 291 3374 voculae
310 3329 403 3374 usum
426 3312 644 3375 demonstrare
672 3311 819 3374 conabor.
852 3311 914 3374 Sed
936 3309 1010 3372 inde
1032 3327 1158 3390 quoque
1177 3309 1325 3392 aliquem,

97 3427 101 3440 '
161 3418 307 3500 quamvis
314 3419 606 3499 parvum,fructum
615 3417 684 3498 capi
696 3437 785 3498 posse
797 3415 1325 3498 atqueadgrammaticamlatinam

161 3524 342 3606 augendam
372 3525 490 3607 aliquid
522 3525 775 3588 redundaturum
802 3543 902 3606 spere.
956 3523 1028 3587 Non
1057 3523 1140 3587 enim
1170 3526 1327 3589 immerito

161 3631 222 3696 bac
236 3636 341 3696 aelate
356 3633 388 3696 in
404 3634 471 3714 ipso
486 3632 633 3696 Plautino
654 3649 797 3695 sermone
817 3630 1010 3712 explorando
1033 3631 1138 3695 studia
1160 3631 1325 3695 hominum

162 3740 330 3804 doctorum
342 3740 464 3803 fervent
476 3759 575 3822 quam
592 3739 739 3802 maxime.
776 3737 871 3801 Cuius
886 3741 998 3820 poetae
1019 3738 1146 3820 scripta,
1169 3737 1326 3819 inquibus

161 3848 284 3916 formae
305 3845 428 3930 linguae
448 3847 544 3911 etiam
563 3845 665 3909 multo
683 3845 863 3926 integriores
876 3845 1041 3927 magisque
1059 3844 1213 3910 dilucidae
1228 3865 1326 3928 quam
