2990 4522
755 210 794 276 10

194 410 279 476 »Aru
300 411 464 476 derselben
487 410 658 494 (interrog.)
680 412 867 494 Bedeutung
891 414 967 494 geht
989 415 1039 480 die
1061 415 1189 496 hernon,
1218 421 1368 485 wonaoh

192 535 224 580 as
247 515 349 600 (quin)
371 539 468 600 sopor
497 517 592 582 heisst
619 519 749 584 rruttelst
777 521 864 583 einer
883 523 1082 617 qatfirliohen
1104 525 1299 608 Abkorzung
1325 529 1369 593 in

191 623 346 712 lebhatter
366 625 475 699 Rede;
507 644 578 690 zum
601 623 732 690 Grunde
754 625 827 708 liegt
852 625 944 692 dabei
967 629 1128 711 folgender
1147 625 1371 700 Zusammen·

190 731 293 814 baug;
337 731 409 796 Wie
437 731 526 796 sollte
554 730 612 796 das
638 735 797 814 genannle
818 733 1027 799 Schwachere
1048 737 1135 803 nieht
1156 739 1369 822 stattfinden,

190 837 233 926 (la
253 858 346 922 sogar
366 838 424 903 das
446 838 590 922 folgende
610 815 755 904 Siarkere
774 840 991 904 staltiindet?‹

272 992 426 1076 Equidem
447 1012 514 1058 non
531 994 639 1071 video,
661 1013 719 1058 cur
737 993 930 1076 Haasius*)‚
953 1015 1142 1079 quanquam
1164 1000 1368 1068 sententiam

189 1099 275 1165 illam
317 1099 530 1182 Reisigianam
569 1101 769 1183 paragrapho
799 1101 860 1165 279
890 1101 1081 1184 expositam,
1122 1123 1218 1191 quam
1247 1093 1370 1188 pauno

189 1211 265 1272 ante
285 1205 392 1286 attuli,
415 1207 616 1290 comprobat,
645 1207 696 1273 bic
716 1208 865 1290 ellipsim,
894 1208 1112 1292 quamprimo
1134 1210 1202 1292 ipso
1222 1220 1369 1294 aspectu

188 1313 269 1378 illius
290 1313 479 1380 simillimam
500 1317 634 1393 iudices,
659 1317 726 1380 sine
747 1315 812 1381 ulla
835 1335 930 1380 causa
952 1315 1159 1380 diversissimo
1180 1317 1276 1380 modo
1302 1339 1369 1384 ex-

112 1479 115 1486 .
159 1416 162 1423 ’
188 1421 298 1504 plicet,
326 1440 399 1486 cum
422 1424 606 1506 praesertim
627 1424 703 1503 quin
725 1422 840 1487 talibus
860 1423 934 1486 locis
955 1441 1026 1486 eam
1047 1423 1111 1484 vim
1134 1442 1201 1486 non
1221 1422 1365 1504 habeat,

189 1531 225 1592 ut
244 1529 399 1593 sententia
426 1529 487 1594 hac
506 1529 618 1594 vocula
638 1530 764 1612 incepta
784 1549 858 1594 oum
880 1548 933 1607 ea,
953 1545 1036 1611 quae
1058 1529 1232 1610 praecedit,
1263 1547 1367 1594 oom—

188 1639 325 1718 paretur.
367 1636 419 1700 Ad
445 1637 529 1701 liano
559 1637 643 1701 enim
672 1637 835 1702 notionem
864 1634 1061 1700 inferendam
1089 1637 1184 1699 elium
1211 1633 1366 1718 additur,

188 1743 275 1825 quod
295 1744 444 1820 verbum,
472 1743 495 1808 si
515 1742 670 1808 Haasium
691 1762 912 1826 sequeremur,
933 1761 1058 1826 prorsus
1078 1760 1367 1824 supervacaneum

188 1848 373 1914 habendum
394 1853 483 1914 esset.
515 1850 617 1914 Immo
634 1869 710 1914 vero
731 1871 834 1934 aeque
855 1870 894 1916 ac
907 1867 1002 1933 supra
1022 1848 1199 1937 enuntiatio
1216 1853 1365 1934 exempli

188 1975 284 2020 causa
304 1955 400 2019 haec:
430 1957 506 2038 quin
530 1957 601 2022 dico
627 1956 813 2022 Germanice
833 1957 986 2022 vertenda
1006 1955 1147 2019 videtur:
1169 1955 1183 2018 f
1189 1958 1364 2024 firwahr

186 2062 250 2127 ich
280 2081 376 2144 saga
403 2083 445 2127 es
485 2065 552 2128 vel:
593 2065 817 2130 Natiirlloh
846 2083 947 2144 sago
976 2063 1041 2129 ioh
1066 2081 1121 2137 es;
1151 2061 1234 2126 idem
1271 2067 1367 2132 enim

186 2169 336 2248 verbum,
365 2171 452 2252 quod
479 2175 582 2248 extat,
611 2174 716 2236 mente
744 2170 928 2234 addendum
957 2174 1012 2234 est.
1055 2169 1143 2232 Haec
1168 2169 1264 2248 igitur
1286 2193 1366 2240 sen·

186 2277 286 2340 tentia
305 2277 433 2341 subesse
455 2277 595 2342 videtur:
636 2279 713 2359 quin
739 2275 870 2342 dicum?
912 2276 998 2340 diro:
1041 2275 1206 2337 Warum'
1224 2278 1366 2347 sollte

186 2383 250 2446 ioh
276 2402 316 2447 es
342 2384 455 2448 nicht
483 2388 624 2465 sagon?
666 2384 732 2448 ich
753 2402 850 2464 suge
872 2402 912 2445 es
936 2376 1197 2462 (natbrlioh).
1242 2381 1365 2459 Quan-

187 2509 285 2573 quam
313 2509 379 2554 non
409 2495 456 2555 est
487 2491 686 2572 negandum,
728 2509 801 2555 cum
840 2489 1060 2560 enuntiatum,
1100 2486 1132 2548 in
1167 2507 1233 2569 quo
1279 2499 1365 2574 quiin

186 2598 282 2675 inest,
312 2598 403 2662 valde
432 2599 637 2663 confirmetur
670 2601 702 2661 et
739 2598 828 2679 quasi
864 2614 982 2676 magna
1014 2613 1091 2657 voce
1119 2600 1363 2684 pronuntietur,

185 2723 279 2788 saepe
307 2705 389 2783 fieri,
410 2709 461 2769 'ut
488 2707 589 2770 maius
618 2705 694 2787 quid
723 2703 772 2767 vel
800 2704 925 2785 gravius
953 2702 1110 2765 sententia
1137 2701 1364 2787 subsequente
1492 2695 1493 2698 Ἴ

186 2831 284 2893 quam
313 2831 495 2894 praegressa
526 2812 730 2894 praebeatur3
767 2812 874 2894 itaque
904 2811 980 2890 qiua
1008 2808 1139 2890 simplex
1166 2807 1363 2883 Gennanice

186 2939 283 3002 sopor
312 2922 493 2984 convertere
518 2918 678 2983 nonnullis
706 2917 780 2984 locis
808 2918 915 2992 liceat;
935 2916 994 2998 (of.
1024 2918 1165 2979 nostram
1193 2922 1363 3007 voculam,

185 3045 268 3108 quae
289 3030 336 3090 est
350 3026 413 3108 ja).
445 3026 508 3091 Sed
522 3025 582 3090 hac
601 3045 634 3090 re
653 3044 700 3103 ea,
724 3043 807 3108 quae
827 3023 961 3088 Haasius
977 3025 1015 3087 de
1034 3024 1121 3087 istius
1142 3039 1219 3085 usus
1235 3030 1364 3112 origine

185 3133 267 3212 dicit,
289 3134 418 3197 minime
440 3133 695 3216 comprobantur.

267 3263 460 3330 Manifestior
472 3267 579 3328 autem
598 3283 647 3328 res
661 3264 729 3342 erit,
753 3263 778 3326 si
797 3261 946 3343 exemplis
965 3261 1037 3342 ipsis
1054 3260 1359 3341 demonstrabimus.

266 3396 302 3460 In
333 3396 481 3462 Pseuduli
517 3393 655 3462 Plautini
690 3394 830 3477 versibus
860 3394 1041 3457 559-560
1074 3393 1154 3457 haec
1187 3395 1359 3482 leguntur:

186 3579 380 3590 m—

281 3709 307 3778 *)
326 3709 418 3777 Atque
434 3712 588 3778 sequuntur
599 3707 732 3762 Haasium
750 3724 841 3762 omnes
853 3708 910 3763 fere
923 3707 975 3763 viri
991 3705 1166 3779 grammatici
1178 3715 1357 3782 recentiores,

186 3801 264 3856 velut
292 3801 423 3862 Ribbeck.
448 3803 466 3858 l.
485 3802 503 3858 l.
529 3822 555 3874 p.
575 3802 624 3868 14,
661 3802 800 3860 Benderus
829 3802 848 3856 l.
869 3803 886 3856 l.
904 3805 969 3867 257,
1008 3802 1164 3872 Wagnerus
1195 3804 1231 3858 ad
1259 3807 1356 3864 Anlul,

186 3914 212 3952 v.
232 3895 291 3962 297,
311 3894 368 3952 alii.
