2990 4522
227 1575 320 1669 ¹Ars
341 1598 565 1684 grammatica,
589 1597 759 1678 postquam
788 1591 842 1655 diu
864 1590 1006 1671 neglecta
1027 1591 1125 1671 atque
1149 1587 1304 1652 oblivione

140 1713 256 1776 obruta
276 1710 342 1785 fuit,
364 1707 496 1787 repetita
511 1723 531 1766 a
545 1703 618 1766 viris
634 1700 732 1766 doctis
749 1699 841 1776 Italis,
860 1696 964 1774 Gallie,
984 1695 1112 1760 Batavis
1132 1694 1305 1777 Anglisque

139 1836 270 1884 summa
299 1812 452 1877 industria
485 1809 721 1890 diligentiaque,
757 1806 812 1870 sed
842 1804 1027 1887 plerumque
1057 1822 1170 1886 parum
1199 1795 1304 1867 subtili

143 1921 260 1987 iudicio
285 1937 390 2000 neque
421 1917 495 1980 satis
526 1919 602 1997 apta
633 1915 753 1978 ratione
784 1911 997 1976 exercebatur.
1051 1911 1165 1975 Nostro
1197 1914 1304 1975 autem

146 2026 272 2090 saeculo
294 2045 312 2089 a
329 2024 490 2088 Germanis
511 2021 651 2104 inprimis
672 2023 814 2102 suscepta
836 2024 904 2083 tarn
925 2020 1059 2083 multum
1080 2022 1228 2101 provecta
1248 2022 1303 2095 est,

147 2136 193 2210 ut,
218 2132 377 2214 quomodo
398 2135 463 2194 tam
485 2131 596 2210 exiguo
614 2129 764 2210 temporis
781 2127 882 2209 spatio
903 2130 970 2191 tam
991 2126 1099 2208 magni
1121 2145 1303 2208 progressus

146 2239 212 2302 fieri
234 2237 410 2320 potuerint,
433 2238 485 2300 vix
505 2235 712 2317 intellegatur,
736 2238 766 2298 et
788 2238 823 2298 ut
845 2235 924 2298 haec
946 2238 1125 2299 nostrorum
1138 2235 1304 2299 hominum

142 2344 254 2409 merita
265 2345 347 2408 inter
363 2343 503 2408 maxima
514 2342 759 2418 sintreferenda,
779 2342 893 2424 quibus
908 2362 1068 2406 summam
1083 2343 1303 2408 auctoritatem

143 2452 417 2534 principatumque
439 2451 520 2514 inter
540 2450 623 2513 viros
645 2449 753 2512 doctos
774 2449 879 2530 adepti
892 2451 975 2512 sunt.
1012 2449 1060 2513 Ac
1081 2468 1153 2512 cum
1175 2449 1217 2514 ab
1239 2451 1306 2514 aliis

109 2617 112 2624 ,
144 2559 216 2622 viris
237 2557 413 2622 clarissimis
434 2556 547 2620 nostris
568 2555 795 2636 (commemoro
816 2554 949 2636 exempli
969 2556 1070 2636 gratia
1092 2556 1306 2640 Gpdolredum

143 2663 374 2740 Hermannum,
390 2662 424 2726 C.
439 2663 471 2726 F.
487 2663 674 2738 Beklrerum,
693 2661 881 2741 Kriigerum,
894 2661 1096 2744 Lobeckium)
1113 2665 1305 2746 permultum

142 2771 175 2833 in
197 2769 257 2833 hac
280 2773 348 2833 arte
375 2769 552 2852 profectum
576 2770 671 2844 esset,
695 2769 919 2848 grammatica,
943 2787 1040 2850 quam
1061 2775 1194 2849 vocant,
1219 2791 1306 2835 com-

58 2888 62 2898 “
142 2877 287 2959 parativa
312 2875 385 2939 inde
408 2896 427 2940 a
446 2879 562 2957 quarto
583 2874 676 2937 huius
698 2873 812 2937 saeculi
835 2874 987 2939 decennio
1010 2877 1180 2959 plurimum
1203 2877 1308 2941 valere

143 2983 253 3064 coepit.
288 2982 460 3045 Haecvero
482 2982 567 3044 viam
589 2980 683 3062 plane
707 2999 834 3056 novam,
858 2982 1044 3062 aprioribus
1066 2985 1305 3049 diversissimam

146 3094 239 3170 atque
267 3089 309 3152 ad
339 3089 515 3164 doctrinam
544 3087 784 3170 grammaticam
806 3089 1005 3154 tractandam
1028 3089 1128 3155 multo
1152 3091 1306 3173 aptiorem

145 3195 262 3258 institit.
303 3195 390 3272 Quas
412 3199 517 3277 partes
541 3194 595 3276 qui
617 3194 832 3275 sequebantur
854 3195 910 3258 viri
932 3196 1031 3274 docti,
1053 3197 1155 3279 primo
1179 3199 1307 3280 quidem

146 3301 245 3364 solam
254 3303 414 3366 formalem
425 3302 667 3382 grammaticam
675 3300 778 3364 studio
790 3320 948 3382 operaque
959 3303 1306 3385 suaamplectcbantur,

150 3407 308 3486 cumino,
330 3410 363 3472 id
385 3408 471 3490 quod
491 3411 608 3495 natura
628 3407 770 3483 reitert,
792 3408 892 3488 prisca
912 3409 1106 3489 singularum
1129 3410 1307 3492 linguarum

144 3517 289 3596 cognatio
310 3515 427 3580 facilior
447 3520 526 3578 esset
549 3515 675 3594 cognitu
693 3533 789 3594 quam
804 3515 839 3578 in
851 3515 985 3596 syntaxi,
1007 3516 1040 3579 in
1054 3535 1119 3598 qua
1137 3517 1309 3583 excolenda

144 3623 274 3704 propria
306 3623 457 3704 cuiusque
489 3621 590 3702 gentis
620 3620 741 3684 indoles
772 3621 942 3702 plurimum
974 3622 1079 3704 pollet.
1132 3623 1242 3707 ltaque
1276 3625 1308 3690 in

144 3729 267 3793 formali
288 3733 378 3811 parte
403 3729 596 3810 permultum
618 3729 682 3792 iam
704 3726 877 3810 profectum
897 3732 943 3792 est
963 3729 1127 3813 multaque
1146 3731 1308 3810 illustrata,

144 3855 226 3916 quae
240 3839 337 3900 antea
353 3837 440 3916 quasi
457 3836 594 3900 tenebris
608 3839 717 3917 operta
732 3839 832 3912 erant,
855 3839 891 3899 ut
906 3833 1047 3900 condicio
1063 3837 1309 3904 declinationum

145 3945 176 4005 et
199 3941 474 4022 coniugationum,
504 3942 692 4028 etymologia
712 3940 897 4021 verborum,
926 3942 1005 4022 alia,
1034 3962 1109 4007 cum
1131 3944 1162 4008 in
1185 3945 1307 4027 syntaxi

1072 4047 1085 4099 1
