2990 4522
744 203 763 271 7

165 417 241 498 7303
264 414 326 478 813
347 434 393 494 sq.
444 411 514 475 Cas.
547 411 581 473 11
606 428 691 490 sqq.;
724 407 794 481 181;
824 406 901 480 4953
930 405 1007 469 633:
1040 405 1109 468 820.
1155 403 1331 486 Gepperlus

163 525 226 604 legi
247 521 332 584 vult:
375 520 456 620 Quin
479 519 523 580 id
538 517 606 588 dori
635 536 697 577 oon
723 513 855 594 potest?
897 512 958 576 Ubi
979 512 1047 576 cod.
1070 509 1139 574 Vel.
1162 511 1217 592 Lg.
1239 527 1331 594 prae-

165 631 245 693 bent
273 629 321 704 iri,
349 627 436 710 quod
458 624 550 688 ceteri
581 641 693 696 omm.;
724 621 801 700 quin
830 619 1006 702 Geppertus
1034 617 1223 682 emendavit.
1267 615 1331 679 Sed

168 736 228 802 ista
254 735 344 799 lectio
372 753 475 814 neque
507 731 538 794 in
566 749 660 794 usum
689 729 814 810 linguae
843 726 1003 807 congruit,
1041 726 1193 808 quoniam
1231 723 1331 790 altera

167 843 294 924 negatio
320 843 354 905 in
384 841 493 903 eodem
523 838 688 901 enuntiato
716 855 789 900 oum
819 833 974 916 particula
1005 831 1232 912 interrogativa
1254 832 1330 912 quiri

165 971 233 1014 non
258 948 448 1023 admittitur,
477 966 536 1009 neo
557 943 746 1007 sententiam
776 941 872 1005 habet
898 939 1101 1004 tolerabilem.
1144 937 1226 1002 Cum
1256 958 1331 1002 vero

168 1077 216 1134 ea,
237 1073 319 1137 quae
338 1053 388 1116 alii
411 1053 631 1125 coniecerunt,
660 1068 724 1112 non
748 1047 846 1128 magis
872 1047 1034 1129 placeant,
1068 1045 1216 1129 equidem
1246 1044 1332 1108 hune

168 1163 271 1226 locum
291 1161 322 1224 in
344 1159 441 1223 dubio
462 1158 608 1240 relinquo
630 1159 726 1238 atque
747 1154 878 1219 lectores
911 1153 953 1216 ad
974 1151 1082 1216 adnot.
1105 1151 1170 1216 crit.
1193 1149 1331 1232 Gepper-

169 1269 283 1332 tianam
305 1267 416 1348 allego.

244 1374 355 1457 Neque
387 1373 501 1438 certius
539 1371 712 1453 quicquam
751 1368 791 1432 de
819 1368 878 1432 hoe
911 1367 980 1430 loco
1017 1367 1155 1449 prolerre
1186 1385 1330 1448 possum:

164 1480 252 1545 Most.
272 1482 350 1544 lae:
390 1482 467 1560 quin
490 1477 677 1559 [introimus
698 1474 809 1556 Ιιιισὲ]Ι
853 1473 1014 1540 Ritsehelii
1043 1473 1223 1538 coniectura
1253 1473 1332 1538 liaeo

130 1631 136 1636 -
166 1591 212 1663 est
233 1587 454 1651 audacissima.
499 1585 561 1648 Sed
585 1584 617 1646 id
640 1583 767 1665 quidem
791 1583 857 1646 viro
880 1581 1059 1645 doctissimo
1081 1581 1231 1660 conceda
1253 1584 1329 1662 quin

163 1695 306 1774 eloquere
325 1692 414 1772 quod
432 1691 501 1754 libri
522 1690 653 1752 tradunt
674 1710 691 1752 e
712 1708 806 1754 versu
832 1689 893 1752 472
914 1688 1079 1770 irrepsisse.

247 1822 340 1884 lllost.
363 1821 440 1894 3433
461 1821 540 1895 570;
559 1819 637 1894 014;
660 1821 747 1883 1131.

251 1927 366 1992 Pseud.
395 1927 451 2000 403
474 1927 529 2001 753
551 1927 628 2002 2043
651 1927 726 2002 2423
749 1929 825 2004 3503
847 1928 924 2002 6383
945 1929 1024 1994 501:
1069 1927 1153 2008 Quin
1183 1927 1333 1992 dictumst

171 2033 271 2110 milii?
305 2034 353 2096 lta
373 2035 550 2099 emendavit
570 2034 758 2103 Ritschelius
780 2035 923 2100 codicum
946 2036 1145 2118 scripturam,
1167 2037 1332 2116 quaeest:

172 2161 228 2206 our
255 2162 317 2206 oon
346 2141 495 2207 dictumst
523 2142 625 2206 roilu'?
689 2143 785 2206 Cuius
806 2143 863 2206 viri
886 2143 1056 2206 doctissimi
1077 2141 1235 2208 sententia
1256 2141 1333 2206 mihi

167 2247 321 2330 probatur
341 2249 459 2316 eisdem
488 2249 664 2328 decausis,
694 2269 774 2332 quas
796 2269 894 2332 supra
923 2249 1014 2331 (pag.
1035 2249 1054 2311 6
1083 2249 1146 2312 lere
1167 2247 1264 2331 extr.)
1290 2251 1333 2316 ad

166 2355 263 2422 Poen.
286 2375 315 2418 v.
342 2356 421 2420 1306
443 2351 579 2438 exposui.

247 2463 362 2530 Pseud.
392 2463 467 2541 7133
491 2465 567 2544 8803
591 2464 666 2542 8913
691 2464 786 2544 10493
811 2466 906 2540 11473
933 2466 1028 2545 13313
1053 2467 1148 2530 1183:
1190 2467 1274 2546 Quin
1299 2474 1332 2529 tu

167 2570 329 2634 rnulierern
355 2573 399 2634 mi
419 2573 523 2636 omitto
553 2579 610 2637 ool
632 2572 729 2638 reddo
757 2580 930 2654 arpentum.
973 2573 1024 2636 Sic
1053 2573 1242 2638 Ritsehelius
1270 2573 1332 2654 legi

167 2677 243 2740 vult.
288 2679 371 2746 Libri
397 2699 471 2745 msa.
502 2683 611 2743 autem
639 2681 794 2762 produnt:
838 2682 955 2744 omittis
978 2729 984 2742 .
1009 2729 1016 2742 .
1040 2729 1047 2742 .
1069 2681 1189 2744 reddis.
1233 2679 1333 2744 Multo

166 2785 278 2851 melius
294 2785 388 2865 igitur¹
402 2806 499 2866 quam
517 2785 716 2864 RitseheliuS,
737 2786 846 2860 ordine
865 2790 989 2854 tantum
1007 2788 1176 2852 verborum
1197 2788 1331 2862 inversu,

167 2891 384 2956 Fleckeisenus
404 2893 530 2956 videtur
550 2894 721 2974 scripsisse:
768 2893 851 2972 Quin.
875 2902 909 2958 tu
929 2896 1047 2959 emittis
1070 2895 1147 2958 milri
1167 2893 1330 2956 multorom

168 2999 568 3094 outrpddisorpenluoo?
644 3062 646 3066 .
675 3079 676 3086 ἵ
1148 3061 1150 3068 .

248 3107 336 3200 ldpid.
359 3087 390 3184 1.ss
413 3109 442 3184 0,
461 3108 489 3171 6.
518 3106 650 3172 lacobus
668 3109 762 3186 ¹'scribi
783 3109 898 3172 voluit:
931 3110 1013 3189 Quin
1037 3109 1148 3185 rideri,
1171 3115 1206 3174 ut
1227 3129 1330 3172 orarios
1412 3120 1418 3126 “

167 3215 312 3280 inimicos
340 3215 421 3298 ouidi
447 3217 525 3280 istoc
545 3216 632 3291 tuoto
655 3216 808 3298 repperi?
850 3218 914 3282 Sed
936 3219 974 3280 de
996 3217 1143 3298 Gepperti
1164 3217 1330 3295 sententia,

168 3323 220 3406 qui
242 3324 327 3386 huno
343 3344 468 3387 versum
488 3343 560 3388 cum
577 3318 702 3388 duobus
713 3326 949 3408 insequentibus
966 3331 1092 3403 etextu,
1116 3327 1170 3408 qui
1189 3329 1331 3403 vocatur,

167 3431 312 3506 removit,
333 3433 404 3495 utut
424 3431 624 3508 iudioaveriS,
648 3431 751 3498 Iaeohi
772 3433 960 3513 scripturam
982 3432 1111 3495 minime
1132 3432 1331 3513 comprobari

166 3559 256 3622 posse
279 3539 385 3604 statim
407 3538 576 3620 intelleges.
621 3539 703 3628 Nam
732 3541 765 3602 in
794 3540 906 3606 eodem
934 3541 1100 3604 enuntiato
1131 3559 1203 3604 oum
1234 3541 1331 3604 inter-

166 3646 307 3727 rogativa
321 3645 475 3728 particula
496 3648 572 3726 quin
588 3645 720 3710 alteram
731 3647 878 3710 voculam
888 3649 1145 3727 interrogativum
1163 3667 1331 3729 nunquam
1437 3728 1440 3734 Ι

166 3754 303 3835 positam
324 3773 399 3829 esse,
422 3753 472 3816 cui
493 3754 638 3834 ignotum
658 3757 728 3817 est?

248 3857 337 3944 Epid.
359 3859 436 3937 2953
459 3861 520 3926 405
541 3881 605 3944 sq.;
628 3861 705 3938 4683
728 3861 790 3926 600
811 3880 897 3944 sqq.;
918 3861 989 3924 668.
