2990 4522
678 270 718 334 nl

184 476 403 551 Omittamus,
430 492 513 554 quae
538 476 699 554 praeterea
721 473 839 537 Haasio
863 473 944 538 obici
970 476 1101 556 possunt
1124 507 1162 516 -
1182 476 1219 536 ut
1239 471 1278 536 de

110 585 271 661 locutione,
297 600 389 664 quae
409 584 457 643 est
476 599 538 642 non
556 627 563 641 .
578 627 584 640 .
598 629 604 642 .
617 581 701 660 prelii,
726 583 758 643 et
768 599 806 644 ea
817 599 881 644 non
892 580 974 644 facili
987 579 1029 644 ad
1046 579 1279 661 explicandum,

111 711 147 754 ne
172 691 309 754 verbum
344 687 474 769 quidem
504 686 623 749 facturn
651 705 732 764 esse,
755 687 825 751 alia,
885 687 1052 750 Enimvero
1082 685 1279 750 Haasianam

113 797 297 860 sententiam
321 793 454 856 minime
474 793 599 873 probari
622 811 713 874 posse
735 794 810 856 satis
831 793 1035 857 manifestum
1056 793 1168 857 iudico.

187 904 299 984 Atque
318 897 368 964 ¹ab
391 899 498 962 Haasii
519 899 662 980 partibus
690 903 774 962 stare
803 900 925 963 videtur
946 899 1179 980 Holtzius*).
1222 899 1280 963 Hic

116 1010 248 1072 videlicet
264 1007 462 1071 sententiam
483 1023 576 1070 suam
598 1025 663 1070 non
686 1009 863 1070 accuratius
883 1007 1072 1089 explanavit.

190 1115 394 1179 Simillimam
418 1131 493 1176 vero
511 1114 702 1176 sententiam
724 1113 971 1178 Ribbeckius
1000 1114 1156 1194 (Beitrage
1176 1133 1206 1195 p.
1231 1109 1281 1190 ll)

125 1221 241 1285 exhibet.
296 1219 360 1297 Qui
392 1218 556 1300 aliquanto
579 1219 692 1282 rectius
720 1221 817 1300 egisse
845 1221 970 1285 videtur
999 1240 1053 1297 eo,
1088 1219 1174 1302 quod
1204 1217 1282 1298 qnia

126 1327 343 1392 coniunctionis
362 1328 426 1388 vim
449 1326 492 1392 ita
511 1325 751 1404 circumscribit,
766 1330 816 1417 'ut
837 1327 922 1406 dicat
944 1325 1282 1390 enuntiationem

123 1438 318 1512 regentem
347 1433 478 1509 abes,
506 1451 609 1515 quae
638 1431 860 1498 subiuncta
882 1436 960 1510 est,
989 1432 1180 1512 separari
1202 1446 1282 1494 non

121 1558 249 1618 posse,
272 1541 348 1603 ista
369 1538 578 1620 particula
600 1539 841 1620 significari.
874 1536 1282 1620 Magnoperelgiturdolm,

123 1645 207 1724 quod
226 1647 274 1707 vir
291 1645 493 1721 doctissimus,
517 1645 592 1726 quid
610 1645 734 1724 sentiat,
756 1667 820 1710 nou
840 1647 973 1710 illustrat
991 1645 1113 1710 clarius
1136 1643 1284 1708 Ceterum

125 1749 222 1829 quin
244 1752 485 1829 particulam
507 1772 526 1815 a
546 1754 778 1833 pronomine
801 1753 980 1817 relativo
1003 1751 1166 1816 minime
1189 1750 1284 1813 deri·

129 1853 290 1916 uandam
310 1875 384 1919 esse
402 1863 430 1924 ct
452 1859 516 1922 iam
538 1878 634 1940 supra
656 1862 731 1922 ante
745 1860 851 1924 oculos
870 1861 1009 1942 posuisse
1032 1858 1108 1922 mihi
1124 1857 1231 1922 videor
1253 1859 1284 1920 et

136 1957 278 2040 iis‚quae
302 1961 432 2029 demea
459 1965 555 2048 ipsius
583 1965 738 2029 sententia
760 1967 934 2046 proferam,
964 1967 1059 2030 etiam
1088 1963 1284 2028 manifestius

134 2063 198 2128 lore
217 2085 308 2148 spero.

207 2173 369 2240 Rationem
392 2176 434 2240 ab
455 2176 503 2238 his
524 2195 652 2258 prorsus
674 2176 849 2255 diuersam,
879 2197 945 2242 non
973 2195 1049 2240 vero
1081 2175 1186 2240 minus
1213 2195 1285 2258 per-

128 2299 242 2344 versam
278 2282 493 2361 Benderus
525 2283 592 2346 iniit
624 2285 890 2348 commentatione
923 2284 991 2362 illa,
1019 2303 1118 2366 quam
1161 2282 1285 2364 saepius

128 2392 446 2453 commemoravimus.
479 2389 574 2454 Cuius
589 2389 829 2472 explicationem
845 2390 1035 2454 levissimam
1059 2410 1106 2467 ac,
1128 2393 1286 2471 quantum

128 2494 194 2558 mihi
215 2496 345 2580 quidem
362 2495 496 2572 videtur,
518 2496 612 2559 valde
626 2496 767 2577 ineptam
786 2495 887 2559 trihus
909 2497 1013 2560 verbis
1027 2496 1286 2578 perstringamus.

197 2602 320 2666 Iudicat
341 2602 442 2678 enim,
469 2603 544 2681 quia
568 2602 756 2683 particulam
778 2622 850 2666 cum
872 2603 919 2666 ab
937 2602 1117 2666 ablativo
1138 2615 1287 2682 prono-

122 2709 236 2772 minis
277 2709 595 2789 interrogativi,
617 2710 709 2790 quasi
746 2728 811 2772 uno
843 2709 946 2786 tonte,
981 2709 1130 2790 originem
1161 2707 1287 2770 trahere

120 2816 236 2896 optimo
267 2817 335 2879 iure
357 2819 504 2892 censeat,
536 2815 769 2880 enuntiationes
801 2815 1031 2897 dependentes
1063 2834 1146 2897 quae
1178 2813 1220 2878 ab
1249 2831 1288 2875 ea

119 2919 240 2986 initium
269 2921 405 2998 faciunt,
432 2922 783 3002 interrogationes
804 2941 883 2998 esse,
914 2940 994 3004 quas
1023 2919 1288 2998 dicimusobli·

119 3047 227 3108 quas
266 3027 329 3092 Sed
350 3028 404 3109 qui
428 3027 475 3090 vel
492 3027 681 3108 primoribus
702 3027 797 3091 labris
819 3029 903 3092 hanc
921 3047 988 3092 rem
1011 3027 1158 3108 attigerit,
1180 3025 1288 3090 statim

27 3133 28 3146 ¹
118 3134 277 3216 intelleget
306 3137 338 3198 in
369 3134 491 3199 nullum
523 3137 587 3198 fere
609 3135 713 3197 locum
735 3135 969 3200 Beuderianam
991 3133 1181 3198 sententiam
1208 3151 1289 3214 qua-

27 3243 29 3304 l
118 3241 220 3307 drare.
257 3242 340 3319 Quid
362 3243 466 3305 enim?
501 3241 585 3305 Num
609 3241 688 3305 haec
709 3242 776 3304 iure
798 3243 858 3306 dici
879 3246 982 3324 potest
1003 3242 1178 3324 explicatio,
1202 3240 1289 3322 quod

27 3373 28 3432 p
117 3350 224 3414 scribit
252 3349 271 3410 l.
294 3349 312 3411 l.
335 3370 365 3430 p.
387 3351 466 3413 258:
513 3348 602 3414 »Ter
625 3349 753 3412 Phorm.
777 3347 835 3426 lv,
863 3351 900 3426 l,
926 3350 979 3412 116:
1023 3348 1107 3411 Nihil
1136 3351 1183 3411 est
1211 3348 1289 3429 quin

27 3465 29 3574 l

27 3746 29 3835 l

118 3458 201 3520 male
224 3455 387 3519 narrando
411 3456 507 3538 possit
537 3455 747 3536 depravarier.
791 3455 885 3518 Kann
914 3475 991 3519 man
1017 3454 1083 3517 sich
1113 3455 1164 3516 die
1188 3454 1289 3518 Sache

118 3564 208 3626 nicht
237 3582 272 3626 so
302 3561 443 3625 denken:
487 3562 651 3625 nichtsist
673 3580 795 3623 -von
823 3563 946 3626 solcher
975 3561 1229 3624 Besclraffenheit
1250 3594 1290 3605 -

118 3688 242 3733 tuarum
264 3688 297 3730 es
319 3668 407 3731 nicht
426 3668 515 3731 sollte
539 3703 576 3711 —
599 3669 747 3732 verderbt
767 3668 896 3732 werden
918 3669 1065 3741 kiinucn3
1088 3687 1118 3750 p.
1142 3667 1203 3730 259
1224 3687 1290 3749 sq.:

119 3853 314 3864 ——q-——un

225 3947 252 4015 *l
271 3947 305 4001 cf.
324 3948 401 4016 Synt.
421 3947 515 4016 prisco.
533 3948 640 4017 scripti.
660 3947 723 4001 latt.
744 3966 769 4017 p.
789 3948 849 4000 314.
