2990 4522
654 317 657 324 ,
727 283 770 348 20

170 487 343 552 hocverbo
361 491 486 552 utar-
503 488 606 570 incipi,
628 507 691 568 quo
714 487 799 570 quod
820 488 1038 570 praedicatum
1060 495 1141 555 esset
1163 493 1338 556 sententiae

170 595 337 676 primariae
351 595 537 669 inhaereret,
558 595 662 657 statim
679 595 709 656 in
734 594 795 658 hoc
816 595 918 676 primo
940 615 1014 660 usus
1034 617 1149 677 genere
1171 600 1339 664 tractando

171 701 254 764 illam
267 701 441 784 explicandi
456 703 608 764 rationem
622 701 743 778 deserit,
757 719 829 763 cum
843 704 1093 767 enuntiationem
1105 705 1339 770 subsecutivam

170 826 242 870 cum
266 809 416 870 nomine
439 827 514 883 non,
537 811 573 870 ut
594 807 740 884 debebat,
764 827 837 870 cum
859 808 974 872 verbo
995 811 1177 892 coniungat.

252 939 351 1020 Atqui
385 957 425 1000 ne
459 939 543 1001 hanc
574 938 701 1018 quidem
735 938 876 1002 obtinere
909 940 1012 1020 potest
1043 943 1198 1007 rationem
1232 946 1263 1006 et
1296 944 1338 1007 ad

171 1046 303 1108 alteram
326 1044 411 1106 iilam
434 1045 523 1126 quasi
546 1045 672 1124 refugit:
696 1046 789 1127 paulo
813 1047 898 1108 enim
920 1051 990 1128 post
1012 1047 1091 1110 haec
1113 1051 1228 1132 scripta
1251 1070 1338 1133 repe·

112 1232 119 1246 ·
171 1152 284 1215 rimus:
321 1151 444 1212 »Etwas
473 1150 588 1239 andere
617 1151 655 1214 ist
684 1152 739 1215 der
768 1151 834 1214 rau
864 1153 1020 1234 (equidem
1052 1153 1102 1216 hic
1131 1160 1197 1219 toto
1223 1177 1339 1237 genere

170 1260 329 1322 diversum
349 1257 513 1338 quoddam
534 1265 697 1320 occurrere
714 1258 878 1340 existimo),
906 1280 995 1323 wenn
1013 1261 1062 1324 die
1072 1259 1338 1340 'vorhergehende

171 1365 326 1446 Negation
348 1364 436 1426 nicht
465 1364 534 1426 eine
562 1383 596 1426 so
624 1364 807 1444 altgemeine
836 1366 1057 1446 Ausdehnung
1088 1367 1160 1445 hat,
1192 1367 1265 1431 dass
1294 1372 1338 1433 sie

167 1472 254 1553 jedes
275 1471 475 1534 Individuum
498 1471 583 1532 einer
602 1489 723 1550 ganzen
749 1471 888 1552 Gattung
911 1473 996 1548 trifft,
1019 1472 1157 1536 sondern
1179 1493 1272 1537 wenn
1293 1477 1337 1537 sie

171 1585 233 1642 nur
262 1582 321 1641 aut'
346 1583 444 1641 etwas
474 1577 633 1639 Einzelnes
660 1578 751 1657 geht3
783 1577 870 1640 dann
900 1579 1037 1640 entsteht
1065 1578 1133 1642 hlos
1162 1579 1218 1642 der
1247 1579 1336 1656 Sinn,

170 1687 241 1749 dass
262 1688 361 1748 etwas
383 1685 471 1746 nicht
490 1683 534 1745 sei
555 1684 631 1746 oder
651 1703 794 1764 genesen
817 1686 870 1761 sei,
893 1685 977 1748 ohne
996 1685 1068 1748 dass
1091 1688 1189 1750 etwas
1203 1687 1354 1752 anderes

170 1792 310 1874 zugieich
333 1792 376 1854 sei
398 1791 475 1852 oder
496 1809 641 1869 gewesen
670 1792 731 1866 sei,
761 1791 862 1859 wobei
891 1811 968 1854 man
1000 1793 1087 1855 nicht
1113 1811 1210 1873 sagcn
1240 1793 1336 1870 kann,

176 1900 225 1962 die
247 1897 453 1977 Verbindung
475 1897 531 1960 der
553 1897 666 1960 beiden
688 1897 856 1962 Prtdieate
879 1899 973 1962 tande
992 1899 1079 1980 jedes
1097 1899 1183 1962 Maht
1204 1901 1288 1962 statt.

251 2054 380 2118 Mirifice
410 2054 491 2116 inter
519 2073 552 2115 se
581 2057 726 2134 pugnant
755 2053 864 2115 Haasii
890 2055 996 2118 verba.
1039 2053 1130 2118 Certe
1157 2055 1340 2118 si=alterum

169 2162 384 2243 praedicatum
397 2160 486 2223 alteri
497 2161 650 2236 inhaeret,
669 2160 801 2222 alterurn
820 2160 886 2222 siue
898 2160 996 2223 attero
1012 2180 1077 2224 non
1089 2165 1191 2242 potest
1205 2162 1339 2225 evenire.

170 2269 276 2350 Atque
295 2268 521 2349 exemplorum,
541 2286 622 2348 quae
635 2267 700 2347 ipse
718 2266 818 2340 affert,
834 2285 937 2346 pauca
950 2272 1136 2348 spectemus
1154 2271 1190 2329 ut
1208 2269 1341 2330 minime

170 2374 403 2438 admittendam
425 2393 491 2436 esse
512 2375 578 2436 eius
597 2373 787 2435 sententiam
811 2373 878 2435 luce
900 2373 1013 2435 clarius
1033 2373 1097 2434 frat.

255 2531 289 2592 ln
309 2529 436 2592 Terent.
458 2527 595 2610 Adelph.
625 2529 682 2604 111,
708 2530 734 2603 l,
756 2528 772 2590 7
804 2527 887 2608 (vide
910 2527 1006 2589 Haas.
1029 2546 1058 2606 p.
1081 2526 1141 2588 577
1164 2526 1227 2588 tere
1249 2526 1340 2608 extr.)

172 2637 250 2700 haec
272 2637 425 2726 invenies:
456 2636 635 2714 Nunquam
663 2656 759 2698 iritum
788 2635 972 2698 intermittit
1003 2634 1084 2697 utem
1114 2635 1190 2712 quin
1219 2654 1341 2712 semper

173 2746 286 2806 ventur.
322 2725 430 2818 Quae,
452 2741 476 2804 si
501 2741 652 2806 Haasium
675 2743 854 2822 sequimur,
876 2743 919 2804 ita
942 2742 1005 2803 t'ere
1027 2745 1148 2805 vertere
1170 2741 1341 2804 dehemus:

171 2849 337 2914 Niemals
360 2849 449 2910 lassi
472 2867 509 2910 er
531 2849 640 2911 einen
664 2847 740 2927 Tag
762 2848 961 2925 tzwischen
984 2850 1125 2910 seinem
1146 2846 1341 2926 Kommen)

172 2955 448 3032 verstreichen‚
467 2955 566 3018 ohne
586 2954 671 3018 dass
694 2955 771 3034 (mit
794 2954 1341 3018 diesemVerstreichenlassen

172 3065 273 3126 eines
294 3058 431 3142 Tages)
454 3059 680 3124 verbunden
703 3066 818 3138 ware,
847 3059 935 3124 dass
963 3081 1003 3124 er
1032 3062 1159 3124 immer
1187 3060 1343 3134 kornmt;

171 3171 235 3232 sive
258 3170 318 3232 ita:
341 3215 347 3229 .
372 3215 378 3228 .
403 3215 409 3228 .
430 3215 437 3227 .
459 3166 558 3230 ohne
582 3166 668 3229 dass
690 3186 729 3230 er
750 3167 906 3248 zugeich
927 3169 1060 3230 immer
1079 3167 1228 3230 konrmt.

254 3325 343 3402 Quae
367 3324 427 3386 hoc
445 3323 610 3386 enuntiato
631 3325 864 3405 praedicantur,
885 3343 922 3387 ea
937 3323 1066 3385 mirifice
1089 3321 1147 3386 sibi
1165 3339 1343 3403 repugnare

172 3433 241 3495 luce
263 3431 375 3494 clarius
396 3434 451 3494 est.
494 3430 579 3494 Idem
609 3430 693 3494 vaiet
721 3431 753 3493 in
781 3429 867 3493 hune
889 3430 1010 3492 locum:
1040 3428 1110 3491 Ter.
1132 3427 1263 3492 Phorm.
1283 3425 1342 3504 IV,

172 3540 202 3616 4,
228 3540 282 3602 16:
325 3538 418 3601 Nihil
441 3538 529 3617 uprrd
549 3559 596 3603 me
617 3537 675 3602 n'bt
698 3537 807 3619 defieri
825 3537 955 3616 patiar,
990 3539 1065 3615 (quiri
1088 3536 1170 3615 quod
1194 3555 1274 3616 opus
1291 3538 1343 3611 su,

173 3647 303 3726 ben-ipae
315 3645 518 3724 praebeatur.
552 3645 613 3722 Qui
636 3647 722 3709 locus
742 3646 919 3709 secundum
938 3643 1090 3707 Haasium
1106 3644 1150 3706 sic
1165 3643 1229 3706 fere
1247 3643 1343 3706 inter·

172 3752 345 3834 pretendas
361 3755 420 3814 est:
442 3752 607 3816 Niemals
628 3755 754 3818 werde
776 3753 833 3816 ich
853 3772 889 3815 es
911 3752 969 3815 dir
991 3751 1050 3813 bei
1069 3751 1138 3813 mir
1159 3769 1206 3813 an
1227 3754 1344 3814 etwas

173 3857 352 3938 nrangetn
374 3857 508 3936 lassen,
530 3860 627 3923 ohne
649 3859 738 3922 dass
759 3859 838 3940 (mit
859 3859 999 3922 diesem
1022 3855 1343 3936 Mangetntassen)
