2990 4522
740 282 782 350 m

255 483 374 568 Amph.
397 485 472 550 158:
514 484 581 550 Nec
607 486 775 566 φαίεφααη
811 489 856 554 sit
894 485 974 570 φαίη
1002 512 1051 556 me
1077 512 1183 560 omnes
1210 493 1342 577 dipnum

172 611 240 656 csse
261 591 418 672 deputent.
463 589 711 672 Congruentiam
742 612 966 674 numerorum,
999 618 1081 680 quae
1107 604 1255 679 vocatur,
1285 621 1342 666 ne·

171 697 307 782 grutam
328 697 574 764 animadvertas.

255 803 442 871 Transinrus
475 804 540 868 iam
577 804 619 869 ad
658 803 694 886 β)
726 826 773 870 ea
806 810 1014 891 exemplu,
1043 811 1085 875 in
1115 812 1264 894 quibus
1293 834 1341 880 ue

172 912 392 992 vestigium
421 910 586 995 quidem
612 914 745 977 restat
765 915 926 995 priseae
951 895 1066 982 iltius
1087 896 1361 985 membrorum*

172 1017 455 1086 seiunctionis.
495 1018 696 1084 Haeesunt:

253 1146 351 1212 Stich.
373 1149 452 1212 208:
496 1149 580 1212 Num
604 1149 751 1214 curiosus
771 1157 891 1216 nemost
913 1153 989 1233 φαίη
1010 1154 1053 1217 sit
1074 1154 1258 1220 malevolus.
1311 1140 1313 1144 ¹

254 1277 487 1361 Pers.365sq.:
516 1275 612 1362 Vtrpo
635 1285 728 1360 atque
750 1282 866 1347 mulier
887 1279 979 1347 nulla
1001 1285 1070 1362 erit,
1093 1287 1169 1364 φαίη
1180 1287 1225 1349 sit
1244 1286 1341 1366 mata,

174 1400 254 1463 quae
274 1391 404 1472 praeter
428 1386 533 1465 sapiet
552 1383 644 1466 φααα
662 1385 771 1465 placet
788 1389 987 1468 parmtthus.

256 1489 329 1554 ibid.
349 1491 408 1554 367
420 1511 483 1574 sq.:
523 1489 620 1574 Virpo
639 1499 733 1572 utque
753 1493 868 1556 mulier
888 1492 979 1556 nulia
992 1496 1062 1572 erit,
1085 1496 1160 1574 φαίη
1177 1495 1221 1561 sit
1237 1497 1340 1581 tuoto,

174 1615 255 1679 quae
275 1599 386 1662 reticet
404 1599 436 1662 si
458 1598 536 1677 quid
549 1597 628 1678 fieri
647 1617 795 1678 peruerse
813 1597 909 1662 uidet.

255 1703 370 1769 Bacch.
393 1705 467 1768 336:
512 1703 644 1770 Nullust
667 1704 787 1784 Ephesi
806 1706 883 1784 φαίη
905 1705 997 1769 seint.
1042 1707 1140 1770 1012:
1182 1706 1275 1772 Nintt
1293 1713 1340 1773 est

168 1811 317 1894 illorum,
339 1811 417 1892 φαίη
440 1831 495 1892 epo
518 1811 569 1874 tui
592 1811 738 1876 dinorim.

256 1917 346 1983 Most.
367 1917 443 1982 329:
488 1917 525 1982 Si
549 1918 652 1998 eudes,
674 1937 737 1982 non
757 1918 860 1995 cades,
883 1919 960 1998 φαίη
983 1918 1097 1982 oudam
1120 1925 1227 1984 tecum.

255 2047 432 2126 Trinumm.
451 2047 513 2112 533
528 2067 592 2131 sq.:
627 2047 734 2128 Neque
756 2065 904 2130 uniquam
921 2050 1126 2129 quisquamst,
1150 2051 1264 2130 quotus
1285 2049 1341 2116 dle
1470 2079 1476 2096 =

175 2155 382 2238 superfuerit,
404 2156 480 2234 φαίη
497 2175 645 2235 pessume
668 2156 697 2220 ei
718 2175 770 2220 res
791 2156 934 2220 uerterit.

257 2284 330 2350 Cist.
352 2285 375 2364 Ι,
400 2285 427 2362 1,
451 2285 506 2349 18:
549 2286 615 2351 Neo
635 2286 701 2351 nist
722 2285 897 2368 disciplina
919 2285 1009 2366 apud
1032 2292 1061 2350 te
1079 2285 1153 2368 fuit
1174 2285 1341 2366 quicquam

173 2390 231 2498 ibi,
252 2393 331 2472 φαίη
350 2391 430 2462 utne·
447 2390 629 2472 placeret.

255 2523 345 2606 Epid.
366 2523 428 2588 411
439 2543 499 2605 sq.:
535 2519 618 2589 Gau
638 2541 677 2586 ne
688 2521 903 2602 praeterbitus
918 2472 1006 2586 ullos
1022 2522 1125 2601 cedes,
1148 2523 1226 2603 φαίη
1242 2541 1341 2605 repes,

110 2620 112 2624 ¹
174 2649 270 2696 senec
289 2629 344 2694 uu·
365 2629 489 2695 nubitur
511 2627 710 2709 Periphanes
732 2628 1017 2709 Periplecomenus.

239 2736 311 2800 As.
325 2737 400 2800 305:
432 2735 499 2799 Nec
520 2735 677 2816 dependes
698 2755 754 2802 uec
772 2734 952 2816 propendes
973 2734 1048 2814 φαίη
1070 2733 1177 2798 metus
1193 2749 1343 2866 ηαφααα-

175 2861 234 2926 que
256 2845 312 2908 sis.

205 2949 332 3016 ibid.
354 2947 417 3013 674
447 2947 664 3017 Fleckeisenus
693 2947 753 3028 legi
781 2945 866 3011 vult:
922 2945 969 3012 Et
996 2951 1026 3012 si
1054 2948 1111 3012 uu
1139 2945 1341 3030 (arpentum)

174 3079 275 3124 meum
304 3055 520 3136 emetiendis
550 3073 720 3135 numquam
752 3074 921 3132 nrororem,
933 3055 1030 3224 tquin
1061 3055 1181 3118 darem.
1235 3053 1343 3132 Quam

174 3165 362 3247 scripturam
391 3162 527 3228 emulis
554 3161 714 3227 codicibus
739 3160 933 3226 assumsitis
933 3160 1035 3224 tevir
1055 3161 1175 3224 doetus.
1214 3161 1344 3226 Rectius

175 3270 350 3352 Ussingius:
531 3267 624 3333 nodie
666 3285 836 3348 numquam
878 3287 925 3330 mc
966 3286 1076 3330 orares
1112 3269 1189 3347 φαίη
1223 3268 1343 3346 darem,

176 3377 194 3440 i.
208 3396 235 3440 e.
253 3396 318 3440 non
343 3376 458 3440 frustra
478 3395 530 3440 me
551 3394 673 3454 orares3
695 3375 735 3438 de
753 3394 818 3456 qua
836 3393 869 3437 re
890 3373 962 3437 vide
985 3373 1094 3438 adnot.
1110 3373 1342 3456 Ussingianam.

177 3483 328 3548 Conferes
347 3485 456 3546 eutem
476 3482 579 3565 ipsum
600 3481 715 3559 locum,
736 3481 791 3564 qui
812 3480 1002 3563 insequitur:

258 3613 457 3678 Menaeehnr.
475 3613 572 3676 1100:
596 3611 816 3689 Promeruisti,
838 3617 874 3674 ut
896 3630 934 3674 no
956 3611 1033 3690 qrrtd
1055 3629 1133 3689 oues,
1155 3610 1239 3690 quod
1255 3609 1344 3689 uelis,

176 3722 253 3801 φαίη
274 3721 434 3800 impetres.

260 3849 367 3914 Aulul.
394 3848 472 3912 470:
523 3848 596 3912 Ione
626 3847 709 3911 dunc
736 3866 799 3912 non
828 3847 933 3911 ausim
958 3847 1141 3926 praeterire
1170 3845 1247 3926 φαίη
1273 3865 1345 3912 corr·

177 3957 292 4025 sistam
314 3961 344 4020 et
362 3953 543 4033 conloquor.
