2990 4522
725 229 761 292 11

145 436 196 498 Ps.
217 435 270 498 Set
295 440 323 496 te
345 433 414 495 volo
437 433 522 495 domi
542 453 640 512 usquo
662 432 782 496 adesse.
824 432 857 496 Si
886 431 970 512 Quin
1000 431 1058 498 tibi
1078 431 1160 495 hana
1182 449 1309 512 operam

146 543 229 605 dico.
273 540 362 617 Quae
390 541 522 622 apparet
547 540 590 602 ita
618 539 770 604 vertenda
792 559 877 603 esse:
924 539 973 602 Ps.
1005 539 1070 602 Ich
1097 538 1309 616 ivdnsche,

150 649 244 712 dass
277 648 327 710 du
355 646 628 712 tortwahrend
664 664 709 710 zu
752 644 884 710 Hause
914 645 1006 709 hist.
1069 645 1110 708 Si.
1140 644 1310 710 turwahr

152 750 223 836 (ja)
244 753 308 816 ich
329 753 570 835 verspreche
592 753 650 816 dir
669 752 811 816 diesen
833 753 984 816 Dienst.
1042 751 1101 816 Hic
1129 753 1212 816 certe
1238 769 1309 814 sen·

154 861 262 937 tentia,
283 879 366 942 quae
389 860 596 942 subsequitur,
618 858 737 942 aliquid
759 859 860 923 maius
881 878 947 922 non
968 859 1103 938 exhibet,
1124 858 1178 922 sed
1199 857 1233 934 is,
1255 857 1310 940 qui

146 966 334 1049 respondet,
361 968 434 1046 qaia
460 966 618 1048 particula
641 965 750 1030 addita
773 967 959 1048 promissum
981 965 1164 1039 confirmem
1195 961 1308 1028 eadem

148 1076 215 1137 fere
243 1073 290 1136 vi:
323 1073 476 1154 >protecta
505 1073 563 1136 tibi
594 1072 679 1136 hanc
706 1091 836 1154 operam
867 1071 954 1137 dica«
986 1071 1034 1136 vei
1064 1071 1126 1136 tale
1153 1069 1229 1154 quid
1249 1069 1309 1134 dici

151 1181 259 1262 potuit.

225 1287 343 1350 Deinde
368 1287 402 1349 in
423 1285 635 1350 Bacchidibus
657 1285 705 1366 (v.
731 1283 830 1366 1137)
861 1287 941 1352 haec
968 1287 1167 1368 reperiuntur
1192 1283 1308 1350 verba:

145 1395 225 1475 Quia
247 1402 353 1458 aetate
376 1394 469 1457 creata
490 1413 558 1457 csse
578 1399 704 1456 mutas:
746 1391 1007 1474 Wahrhaitig
1028 1393 1095 1460 ich
1116 1391 1307 1474 glaube..

221 1502 300 1566 Asin
323 1501 400 1565 iss:
442 1503 526 1580 Quia
548 1519 604 1563 nea
627 1506 724 1580 rapat
745 1519 800 1564 aec
818 1519 877 1580 pes
896 1519 1073 1564 sermonum
1096 1503 1240 1580 apparet.

226 1609 399 1672 Praeterea
419 1608 478 1670 hos
497 1607 584 1670 iocos
603 1607 667 1670 huc
688 1609 867 1689 spectantes
886 1607 971 1689 apud
992 1607 1143 1672 Plautum
1165 1603 1287 1670 inveni:

225 1715 308 1777 Asin
331 1714 409 1786 1143
430 1713 509 1786 2373
530 1713 605 1787 suu
627 1713 702 1788 377;
724 1715 783 1777 5123
806 1734 852 1796 sq.

228 1819 410 1880 Trinumm.
431 1817 506 1893 557;
527 1818 602 1894 93&
625 1819 721 1894 11483
743 1819 812 1882 360.

235 1923 296 1986 358
317 1943 404 2005 sqq:
443 1924 500 1988 Ph.
532 1924 611 2004 Quoi
637 1933 671 1991 ta
700 1933 869 2008 apostatem
898 1925 1035 1991 tolerare
1064 1925 1142 1990 ais?
1180 1923 1307 2004 toquere

151 2030 306 2093 audacter
328 2033 428 2110 patri.
470 2031 529 2095 La.
557 2031 730 2101 Lesbonico
760 2033 833 2098 haio
867 2033 1077 2111 adulescenti,
1119 2028 1309 2098 oaarmeaat

140 2135 232 2216 fllia,
267 2139 321 2216 qai
351 2137 419 2202 illie
446 2139 575 2204 habitat.
618 2139 680 2204 Ph.
718 2141 802 2221 Qeeia
833 2141 965 2205 comedit
996 2139 1080 2220 quod
1106 2139 1187 2218 fait,
1224 2136 1308 2217 qaod

144 2264 207 2306 noa
224 2244 323 2324 fait?

224 2350 296 2414 Huc
318 2353 450 2434 pertinet
470 2353 605 2434 Ussingii
626 2353 790 2418 adnotatio
810 2353 854 2420 ad
875 2352 993 2435 Amph.
1014 2372 1043 2416 v.
1060 2353 1131 2429 690,
1153 2351 1208 2415 ubi
1228 2350 1308 2423 haec

142 2456 305 2538 leguntur:
329 2459 396 2522 »Nc
417 2459 584 2524 encliticon
606 2459 692 2542 apud
714 2461 908 2544 antiquiores
928 2461 1057 2524 Latinos
1077 2479 1172 2542 saepe
1193 2459 1307 2534 amissa

141 2565 328 2645 pronomine
357 2566 624 2643 demonstrativa,
656 2568 705 2631 cui
727 2567 900 2634 adhaerere
922 2567 1078 2645 debehat,
1101 2565 1230 2630 relativo
1251 2565 1308 2628 ad·

142 2670 236 2733 ditur.
281 2672 411 2736 Fit'hoc
432 2673 465 2735 in
487 2674 704 2740 continuanda
726 2675 1004 2756 interrogationum
1027 2679 1084 2740 aut
1106 2672 1308 2738 exclamatio-

138 2797 218 2844 num
241 2777 336 2841 serie«
362 2828 369 2841 .
393 2827 400 2840 .
427 2827 433 2841 .
458 2779 511 2841 Vir
531 2779 643 2844 doctus
669 2781 784 2846 deinde
809 2784 901 2846 affert
922 2782 1022 2851 muita
1045 2781 1203 2863 exempta,
1226 2779 1307 2842 inter

142 2904 223 2965 quae
252 2885 312 2949 hoc
340 2886 511 2968 quoque*).
554 2887 682 2952 Minime
712 2891 811 2953 recte!
852 2890 935 2953 Nam
975 2890 1026 2954 hio
1057 2890 1143 2954 locus
1179 2903 1307 2970 prorsus

143 2990 230 3055 aliter
252 3011 349 3074 quam
373 2993 415 3056 ilii
437 2997 484 3056 est
504 2999 714 3076 comparatus,
754 2994 861 3073 Quid?
892 2997 1005 3062 Nonne
1023 2997 1118 3073 vides
1142 3012 1306 3078 apocopen

139 3119 154 3160 e
174 3099 296 3164 litterae
318 3099 466 3180 explicari
490 3119 556 3165 nan
578 3121 678 3184 posse,
701 3102 758 3166 nisi
781 3107 856 3182 «pam
879 3105 1084 3186 particulam,
1107 3105 1146 3170 de
1168 3123 1233 3187 qua
1255 3102 1305 3173 hic

136 3205 268 3286 agimus,
294 3225 357 3285 non
379 3207 481 3288 ipsum
505 3193 692 3290 pronomen,
716 3211 885 3284 statuimus
904 3213 1043 3281 istolaco
1065 3215 1195 3278 extare?
1228 3210 1305 3274 Om-

137 3312 231 3376 nibus
252 3317 371 3390 autem,
392 3315 444 3396 qui
467 3318 499 3378 et
520 3315 562 3378 ah
583 3316 727 3397 Ussiugia
749 3320 780 3380 et
800 3318 841 3383 ab
864 3318 986 3385 Holtzio
1008 3319 1039 3401 (l.
1052 3320 1071 3382 i.
1093 3341 1123 3401 p.
1137 3316 1209 3400 262)
1230 3323 1305 3398 sunt

138 3420 289 3501 propositi
312 3421 442 3502 plenum
464 3443 502 3486 ae
523 3424 667 3505 reperies,

218 3528 374 3609 Equidem
394 3530 439 3592 sic
459 3534 641 3594 convertam
665 3530 791 3613 (scilicet
809 3534 1062 3616 interrogationis
1082 3535 1160 3600 nota
1182 3536 1252 3620 post
1276 3580 1302 3595 ..

136 3635 219 3714 qeeod
240 3657 300 3699 aaa
322 3636 388 3711 fait
411 3635 563 3718 abiecta):
595 3639 749 3704 Fiirwahr
759 3639 814 3702 der
826 3639 955 3704 Mensch
972 3640 1029 3703 hat
1041 3639 1303 3720 durchgebracht‚

137 3763 203 3806 was
225 3762 259 3804 er
278 3743 378 3822 hatte,
401 3745 468 3808 und
488 3765 553 3808 was
572 3765 606 3810 er
628 3745 714 3810 nieht
735 3745 838 3823 hatte,
870 3729 889 3810 i.
911 3767 937 3812 e.
960 3746 1018 3810 hat
1038 3747 1104 3814 sein
1126 3746 1313 3828 Vermiigen'

136 3848 390 3946 durchgebracht
413 3851 478 3914 und
499 3852 580 3919 dazu
601 3853 685 3916 noch
705 3851 864 3918 Schulden
884 3852 1042 3934 gemacht.

140 3985 333 3996 ⁸—-

237 4027 262 4095 *)
279 4027 377 4096 Neque
394 4027 476 4084 aliter
492 4028 601 4084 Brixius
620 4031 741 4101 explicat
759 4030 803 4101 (cf.
822 4027 880 4084 eius
898 4024 960 4100 ed).
