2990 4522
719 241 758 306 32

238 445 406 508 Praeterea
421 446 530 506 autem
545 443 675 523 cogitari
690 447 803 525 potest,
818 446 912 508 etiam
926 446 1061 511 fortnam
1076 446 1169 511 huius
1183 447 1328 524 voculae,

156 551 305 616 relativae
317 550 404 614 hand
416 549 607 626 dissimilem,
630 549 670 612 ad
694 551 760 612 eius
782 553 922 614 nativam
938 554 1001 615 vim
1022 553 1169 617 oblivioni
1184 553 1327 617 dandam

157 658 274 740 aliquid
296 657 474 721 contulisse.

237 764 345 846 Atque
374 765 436 826 iarn
459 763 546 843 apud
574 763 724 826 Plautum
747 765 831 828 hanc
850 767 1130 830 commutationem
1154 768 1327 848 perfectam

157 871 317 947 videmus,
345 870 430 952 quod
453 870 591 951 primum
614 889 652 932 ex
674 871 745 952 ipsis
767 871 923 934 Plautinis
944 873 1094 954 exemplis
1113 878 1259 956 apertum
1282 875 1327 952 fit,

158 978 212 1041 ubi
226 976 381 1040 rationem
397 975 501 1038 valere
523 976 757 1057 hypotacticam
778 981 809 1039 et
830 981 1009 1042 consecutio
1031 984 1220 1062 temporum,
1245 1001 1327 1062 qnae

158 1088 305 1158 vocatur,
333 1088 480 1147 accurate
509 1084 676 1146 observata
701 1084 882 1148 testimonio
909 1089 955 1148 est
993 1087 1215 1168 (paucissimos
1243 1088 1328 1152 locos

158 1191 272 1273 quibus
294 1190 374 1253 haec
394 1191 444 1254 lex
463 1190 546 1253 laesa
568 1194 630 1266 est,
661 1191 741 1254 infra
763 1191 956 1271 denotabo),
986 1213 1089 1275 neque
1112 1195 1217 1257 minus
1240 1197 1326 1276 quod

159 1299 333 1375 enuntiata,
349 1315 431 1379 quae
446 1297 649 1372 antecedunt,
666 1298 912 1378 dependentium
931 1334 969 1342 —
984 1303 1019 1361 ut
1032 1299 1326 1380 supplementorum

160 1404 407 1486 -plerumque
437 1404 588 1486 indigent.
630 1402 799 1467 Praeterea
828 1407 1002 1468 sententiae
1021 1424 1041 1467 a
1063 1407 1138 1484 pain
1171 1424 1246 1480 voce
1277 1407 1326 1470 in-

160 1511 307 1594 cipientes
327 1511 506 1591 saepissime
534 1509 716 1591 regentibus
744 1511 787 1572 ita
816 1514 889 1571 sunt
910 1509 1130 1585 intercalatae,
1161 1513 1195 1573 ut
1224 1528 1324 1572 unam

160 1617 425 1694 enuntiationem,
449 1637 547 1680 unum
571 1617 659 1696 quasi
683 1635 804 1697 corpus
826 1615 947 1678 etticere
969 1615 1146 1678 videantur.

243 1748 319 1826 Quis
339 1748 423 1812 enim
444 1749 510 1822 erit,
532 1747 586 1828 qui
608 1747 727 1827 priscae
747 1746 963 1809 membrorum
978 1747 1178 1810 seiunctionis
1191 1747 1324 1825 vestigia

160 1856 275 1919 talibus
296 1874 379 1934 e-gr.
403 1853 475 1916 locis
497 1855 665 1933 agnoscat:

252 1956 348 2042 Virpo
372 1966 465 2040 atqrre
487 1958 602 2022 trititia-
624 1957 714 2020 nnllo
736 1960 798 2022 erit
828 1959 903 2038 quin
927 1959 969 2020 sit
990 1958 1086 2036 molo,
1109 1979 1189 2036 αααα
1211 1960 1329 2034 reticet,

161 2073 190 2134 si
213 2069 290 2149 qnid
307 2068 384 2147 ficri
402 2086 552 2146 perverse
574 2065 666 2129 videt.
712 2064 811 2146 (Pers
834 2065 893 2127 367
917 2064 987 2146 sm).

245 2177 377 2240 Nullust
401 2175 520 2254 Ephesi
543 2174 619 2253 palin
642 2175 725 2235 scint
747 2171 878 2252 (Bacch.
900 2170 995 2252 336.).

245 2286 281 2350 St·
305 2283 398 2347 codes
420 2303 480 2345 non
504 2280 598 2344 cedes·
621 2280 698 2359 quin
723 2279 837 2340 carlom
860 2285 959 2340 tecum
982 2277 1087 2358 (Most.
1113 2277 1206 2358 329).

247 2392 423 2466 (declinari,
448 2390 525 2468 quire
548 2386 751 2465 conrplectur,
777 2406 836 2446 non
861 2405 946 2464 ααεα.
981 2384 1191 2466 (Menaechm.
1217 2383 1329 2462 1034).

246 2499 308 2564 Seu
339 2500 472 2576 irnpta'us
502 2495 594 2558 lodie
625 2497 701 2573 quin
734 2494 913 2571 fueruntne,
937 2513 1095 2570 αααααααα
1134 2511 1231 2554 αααεα
1261 2491 1332 2554 est?

166 2607 320 2690 (nataae
334 2603 395 2687 sq.)
412 2601 536 2683 [Fusius
551 2605 659 2685 postea
680 2601 719 2664 de
733 2601 881 2682 exemplis
901 2601 964 2663 huc
982 2598 1152 2663 referendis
1174 2595 1332 2678 agemus}

249 2714 331 2793 Ergo
354 2731 427 2775 cum
460 2711 705 2791 uniuscuiusque
734 2727 809 2772 usus
839 2706 961 2788 generis
991 2706 1065 2767 talia
1095 2704 1239 2786 exempla
1267 2721 1333 2766 non

168 2841 270 2906 pauca
305 2821 428 2894 extent,
469 2815 685 2898 primigeniam
730 2813 822 2876 huius
859 2810 1030 2891 particulae
1074 2810 1332 2889 significationem

168 2931 263 2994 eliam
286 2947 305 2991 a
328 2926 441 2989 Plauto
467 2942 593 2986 sensam
616 2940 682 2984 esse
705 2919 830 2997 cogitari
860 2919 979 3009 nequit.
1024 2918 1069 2980 lta
1097 2917 1199 2993 enim,
1230 2916 1333 2988 crede,

168 3054 304 3102 resnou
326 3035 394 3096 erat
415 3032 610 3110 comparata,
634 3030 668 3088 ut
691 3043 756 3088 uno
778 3023 845 3086 loco
869 3026 944 3102 patri
968 3045 1087 3086 aaran
1112 3023 1219 3085 nield?
1240 3023 1335 3102 signi-

169 3144 268 3208 ficans
304 3138 492 3204 sententiam
529 3135 677 3207 liberam,
719 3131 817 3194 altero
853 3130 1008 3193 simillima
1043 3130 1163 3192 ratione
1200 3130 1336 3192 formato

171 3249 283 3315 eadem
312 3245 425 3309 vocula
451 3260 578 3325 prorsus
606 3240 667 3303 alia
695 3239 726 3301 vi
754 3241 867 3300 ornata
902 3240 1103 3299 connecteret
1132 3236 1336 3300 subiuncturn

170 3356 381 3420 enuntiatum.

253 3486 363 3567 Neque
391 3482 477 3545 locus
506 3479 555 3540 ille
584 3476 744 3541 Gellianus
774 3474 821 3554 (N.
845 3474 882 3536 A.
904 3472 997 3550 XVll,
1021 3474 1070 3553 13)
1102 3473 1156 3555 qui
1182 3491 1276 3554 snpra
1303 3474 1334 3534 in

172 3593 336 3658 Haasiana
355 3588 510 3653 sententia
532 3584 725 3648 recensenda
743 3584 1009 3646 commemoratus
1024 3585 1080 3656 est,
1102 3582 1134 3643 in
1157 3581 1216 3644 hac
1238 3598 1336 3662 qnae·

172 3702 272 3764 stione
300 3694 505 3777 disceptanda
534 3691 622 3774 parvi
644 3694 691 3754 est
712 3689 871 3752 momenti.
915 3687 986 3763 Quo
1015 3688 1083 3750 loco
1104 3687 1182 3751 haec
1209 3690 1335 3749 extant:

176 3807 287 3870 »Hanc
306 3822 381 3866 vero
403 3801 506 3883 (quin)
528 3798 724 3882 particulam,
747 3795 785 3857 de
807 3813 871 3873 qua
887 3794 1019 3857 dicimus
1034 3793 1092 3856 nisi
1107 3795 1176 3875 quis
1197 3791 1337 3856 didicerit

175 3911 380 3995 compositam
403 3907 648 3989 copulatamque
671 3922 736 3966 esse
757 3919 862 3981 neque
884 3902 947 3966 vim
977 3904 1103 3963 tantum
1124 3897 1335 3978 coniungendi
