2990 4522
203 532 362 598 adnexam
386 552 453 599 esse
473 534 523 600 rel
540 535 686 602 omnibus
703 537 864 604 latinitatis
885 544 1078 625 temporibus
1099 550 1212 628 putare
1232 548 1362 615 ridetur.

202 639 312 706 Talem
329 643 413 706 enim
427 641 607 722 opinionem
626 643 739 708 falsam
756 665 822 710 esse
844 647 921 712 mihi
933 649 1041 715 videor
1056 656 1152 718 antea
1165 655 1241 718 satis
1255 675 1362 738 super·

202 768 265 832 que
282 747 377 812 fidem
399 748 514 814 iecisse.

282 855 402 920 Deinde
428 875 502 921 vero
523 857 699 940 Herwigius
727 878 791 924 non
820 861 1020 944 explanavit,
1050 867 1212 948 quomodo
1240 875 1276 931 ot
1306 869 1364 934 isto

200 961 383 1028 Aululariae
410 962 478 1027 loco
507 968 586 1028 esset
614 963 843 1046 explicandum.
886 966 969 1032 Nam
999 990 1038 1034 ex
1067 977 1145 1053 quio
1171 974 1258 1039 verbi
1285 976 1364 1042 defi·

200 1067 327 1146 uitione,
347 1088 446 1152 quam
467 1073 500 1133 et
515 1070 580 1154 ipse
598 1071 693 1153 paulo
714 1077 788 1140 ante
802 1075 951 1154 exhibuit,
974 1084 1010 1142 ut
1030 1077 1063 1141 in
1081 1080 1144 1146 hoc
1161 1085 1362 1148 enuntiatum

201 1176 330 1242 nrinirne
350 1177 506 1240 convenit.

280 1282 372 1346 Dicat
392 1302 467 1347 vero
487 1284 651 1368 quispiam,
674 1291 749 1352 ante
768 1295 802 1352 ut
823 1277 1112 1372 interpungendum
1134 1313 1211 1372 esse,
1233 1301 1268 1361 ut
1283 1297 1362 1364 haec

159 1400 162 1407 '
199 1390 263 1454 lere
283 1387 399 1454 evadat
420 1391 593 1456 sententia:
617 1441 624 1456 .
646 1441 653 1456 .
676 1442 683 1457 .
707 1394 780 1459 dass
802 1395 846 1460 du
873 1417 907 1462 es
933 1399 966 1479 ja
990 1399 1093 1462 rhiustt
1131 1399 1150 1463 i.
1173 1421 1199 1466 e.
1221 1404 1306 1466 mich
1328 1406 1361 1468 in

198 1497 369 1564 Kenntniss
387 1502 507 1564 setzest.
551 1499 686 1564 Attalis
714 1503 850 1586 abrupta
880 1504 976 1569 dictio
1005 1505 1036 1569 in
1058 1506 1143 1570 hunc
1165 1507 1267 1570 locum
1292 1528 1359 1572 non

199 1606 345 1688 quadrat
377 1606 487 1690 Neque
506 1608 636 1671 omnino
657 1609 730 1688 scio,
752 1628 831 1674 num
853 1610 904 1677 tric
923 1617 958 1674 ot
979 1612 1065 1675 verbi
1088 1631 1163 1678 usus
1183 1612 1287 1676 Plauti
1308 1613 1356 1678 sit.
1473 1677 1479 1692 ,

279 1738 410 1802 Bothius
438 1738 479 1802 ad
500 1757 606 1802 meam
626 1741 813 1806 sententiam
841 1742 969 1825 propius
991 1743 1136 1821 accessit,
1166 1763 1185 1807 a
1212 1743 1365 1838 codicum

196 1844 260 1910 fide
280 1844 422 1911 videlicet
444 1845 536 1910 nimis
559 1847 693 1924 recessit,
716 1867 789 1912 cum
812 1855 847 1912 ut
869 1867 995 1930 prorsus
1015 1849 1180 1914 omitteret.

279 1977 385 2060 Atque
413 1977 561 2061 equidem
591 1978 634 2042 sio
663 1978 817 2061 scripsisse
845 1983 971 2062 poetam
1001 1981 1137 2045 conicio:
1180 2029 1249 2044 ...
1282 1983 1359 2062 quio.

196 2088 384 2168 participem
412 2087 539 2167 puriter
574 2103 628 2167 epo
659 2093 688 2151 te
725 2093 754 2150 ct
789 2094 822 2150 tu
854 2087 940 2152 med
963 2085 1085 2167 socios.
1130 2087 1214 2152 med
1249 2092 1358 2152 autem

196 2197 227 2260 et
248 2215 302 2258 mc
322 2200 363 2258 ot
391 2192 479 2258 facile
508 2193 658 2257 conlundi
678 2193 832 2276 potuisse,
858 2194 927 2275 quis
948 2198 995 2258 est
1016 2194 1070 2276 qui
1090 2197 1209 2276 neget?
1252 2195 1360 2277 Atque

152 2347 156 2354 ·
195 2320 233 2365 eo
268 2299 386 2365 facilius
418 2299 460 2364 ad
495 2299 580 2364 hunc
607 2319 744 2363 errorem
771 2299 914 2364 librarius
944 2301 1100 2366 adductus
1130 2321 1196 2364 esse
1226 2303 1358 2378 videtur,

195 2407 283 2491 quod
313 2415 343 2472 et
373 2412 407 2471 to
440 2407 537 2472 verba
567 2408 709 2488 proxime
739 2406 932 2488 praecedunt
966 2415 1001 2472 ut
1029 2408 1159 2473 voculae
1193 2407 1357 2470 simillima.

199 2515 246 2580 De
279 2516 381 2580 forma
413 2533 497 2597 quae
526 2517 573 2577 est
607 2514 676 2578 tired
707 2513 745 2578 ci.
783 2513 944 2578 Bitschelii
975 2515 1090 2597 Opusc.
1118 2517 1152 2594 ll,
1180 2516 1241 2580 340
1259 2535 1304 2596 sq.
1327 2518 1361 2577 et

197 2622 336 2688 eiusdem
357 2621 482 2699 librum,
506 2620 560 2703 qui
583 2619 760 2684 inscribitur
779 2619 867 2685 Neue
887 2621 1023 2684 Plautin.
1045 2621 1182 2686 Excurse
1204 2643 1233 2704 p.
1257 2623 1296 2685 {il
1311 2641 1358 2704 sq.
1461 2677 1466 2685 .

198 2730 260 2795 Ubi
298 2730 345 2793 vir
386 2727 652 2810 praeclarissimus
688 2727 856 2791 accusativi
897 2727 1033 2792 formam
1080 2728 1151 2791 meri
1198 2731 1294 2792 etiam
1338 2749 1357 2793 a

199 2837 314 2902 Plauto
342 2853 436 2917 saepe
464 2834 496 2897 in
523 2853 615 2897 usum
638 2836 787 2898 vocatum
818 2853 884 2898 esse
915 2833 1089 2898 luculenter
1116 2835 1245 2913 edocet,
1282 2855 1358 2900 sane

197 2942 361 3008 verisimile
381 2944 474 3023 putat
498 2940 600 3005 solum
621 2940 727 3004 hiatus
748 2941 884 3005 evitandi
905 2961 1002 3007 causa
1025 2941 1056 3005 id
1078 2943 1195 3006 lactum
1216 2963 1291 3006 esse.
1324 2943 1359 3006 ld

198 3049 283 3132 quod
306 3047 454 3132 equidem
480 3067 545 3111 non
567 3047 747 3130 comprobo.
789 3046 871 3111 Nam
892 3049 976 3115 hanc
996 3051 1131 3115 formam
1159 3067 1224 3113 non
1254 3049 1359 3113 nunus

197 3160 272 3222 ante
293 3157 503 3220 consonantes
525 3173 622 3236 quam
645 3157 718 3217 ante
735 3153 858 3217 vocales
878 3155 911 3217 in
932 3175 991 3220 usu
1011 3157 1104 3220 luisse
1125 3175 1197 3220 cum
1214 3155 1359 3220 Ritsclre-

197 3263 256 3328 lius
276 3264 341 3345 ipse
360 3261 542 3344 gravissima
564 3261 676 3325 afferat
697 3261 885 3338 testimonia,
908 3280 964 3325 cur
985 3281 1055 3326 cam
1076 3283 1142 3327 non
1155 3265 1359 3328 restituamus

197 3369 257 3434 hoc
277 3369 356 3447 loco,
375 3369 430 3434 ubi
451 3368 499 3433 vel
523 3369 661 3432 maxime
681 3366 723 3431 ad
743 3367 774 3431 id
795 3366 1009 3449 impellimur?

280 3475 366 3540 Inter
385 3475 466 3540 haec
486 3477 594 3539 autem
607 3473 752 3556 exempla
774 3474 1000 3554 paralacticam
1018 3475 1152 3557 speciem
1171 3477 1358 3558 praebentia

198 3583 292 3648 etiam
314 3601 368 3661 ea,
390 3602 473 3665 quae
488 3585 672 3665 sequuntur,
695 3579 860 3646 referenda
884 3581 1027 3660 arbitror,
1049 3601 1244 3666 quamquam
1266 3588 1358 3648 vetu-

196 3691 331 3756 stissima
350 3689 606 3754 conformationis
623 3687 703 3752 ratio
721 3706 785 3752 non
803 3689 884 3753 adeo
902 3689 984 3754 clare
1003 3708 1102 3773 quam
1117 3709 1156 3756 ex
1172 3692 1229 3756 illis
1246 3692 1356 3768 elucet,

198 3817 281 3881 quae
301 3796 409 3862 adhuc
428 3796 640 3862 tractavimus.

277 3903 365 3970 Asin.
389 3903 467 3968 944:
509 3902 618 3983 Neque
639 3902 837 3984 quisquamst
869 3906 934 3965 tom
959 3902 1084 3985 inperio
1111 3905 1191 3970 duro
1213 3925 1268 3969 aec
1290 3911 1360 3970 tom

195 4012 288 4094 firmo
307 4017 446 4092 pectore,
466 4010 543 4091 quio
563 4009 618 4073 abi
641 4009 772 4091 quicque
792 4009 967 4074 occasionis
986 4009 1044 4090 sit,
1065 4010 1127 4075 sibi
1141 4013 1251 4095 sociat
1272 4013 1358 4080 berre.
