2990 4522
619 163 625 177 ’
718 171 758 236 33

129 381 242 458 habere,
264 381 325 444 sed
343 381 448 444 certa
467 377 612 460 quadam
626 374 852 456 significatione
868 373 994 454 factam,
1004 393 1158 457 umquam
1175 375 1314 458 protecto

129 489 253 552 rationes
286 507 329 552 ac
360 487 553 550 varietates
583 484 669 547 istius
698 482 983 564 comprehensurus
1011 485 1068 544 est.
1116 481 1209 560 Quod
1238 483 1313 566 quia

134 594 263 676 longioris
286 591 544 660 dissertationis
564 595 619 668 est,
642 590 755 672 poterit
777 591 826 654 cui
846 590 945 654 otium
967 592 1022 668 est,
1044 590 1179 672 reperire
1200 590 1313 656 hocin

139 701 168 764 P.
188 703 297 785 Nigidii
329 701 451 785 Figuli
487 699 734 775 commentariis,
761 717 839 780 quos
873 698 1095 779 grammaticos
1131 698 1311 784 inscripsit«

37 869 38 880 ,
136 807 191 872 lam
208 809 360 892 Nigidius
384 808 527 890 Figulus
548 807 657 886 igitur,
688 807 743 888 qui
769 807 817 869 vir
840 803 1036 870 doctissimus
1065 805 1314 890 clarissimusque

133 913 170 978 N.
186 913 316 980 Terenti
340 915 510 980 Varronis
528 910 669 995 aequalis
690 915 767 991 crat,
787 913 1054 977 commentatione
1075 911 1114 978 de
1135 912 1195 978 hac
1216 913 1312 995 parti·

139 1020 206 1083 cula
215 1022 401 1105 conscripta
421 1021 564 1102 longiore
583 1019 763 1083 hominibus
774 1019 892 1084 Latinis
911 1019 1053 1102 propium
1072 1021 1138 1084 eius
1152 1022 1313 1086 notionem

145 1125 175 1187 in
187 1131 370 1193 memoriam
385 1147 542 1193 revocare
555 1147 633 1208 opus
647 1146 712 1191 esse
724 1127 920 1191 existimavit.
954 1127 1018 1192 Nec
1030 1147 1104 1192 vero
1116 1128 1314 1193 Varroniano

149 1237 239 1298 aetate
257 1239 337 1316 quin
369 1234 551 1318 particulae
563 1253 637 1298 usus
649 1269 687 1278 -
704 1233 789 1316 quod
805 1234 847 1298 ad
859 1235 942 1298 hanc
955 1235 1082 1317 quidem
1097 1236 1314 1317 quaestionem

146 1341 249 1406 attinet
261 1379 302 1388 —
314 1342 500 1407 aPlautino
514 1343 589 1405 satis
597 1343 737 1405 diversus
746 1344 822 1406 erat.
843 1342 927 1405 Nam
937 1341 1032 1404 etiam
1041 1342 1127 1422 apud
1136 1344 1315 1408 Lucretium

140 1445 226 1512 haud
245 1471 360 1532 pauca
381 1453 490 1514 extant
509 1450 669 1531 exempla,
699 1468 781 1530 quae
802 1450 940 1532 primum
963 1447 1096 1510 obtuens
1120 1451 1314 1530 paratactica

142 1556 269 1619 ratione
305 1559 501 1621 conformata
538 1560 651 1638 putare
688 1557 784 1638 possis
792 1554 830 1637 *l
897 1555 1003 1633 Quid?
1052 1555 1165 1619 Nonne
1196 1577 1234 1620 ex
1263 1556 1314 1621 illa

146 1663 317 1724 sententia
346 1665 436 1743 (quae
461 1668 539 1728 certe
569 1663 603 1726 P.
633 1663 756 1744 Nigidio
782 1665 839 1746 ipsi
867 1668 913 1730 est
940 1660 1172 1743 attribuenda):
1204 1663 1314 1728 >Hanc

155 1783 238 1827 uero
260 1767 467 1846 particulam.
490 1819 496 1832 .
521 1819 528 1832 .
552 1769 835 1851 comprehensurus
857 1775 921 1834 est«
945 1771 1087 1835 conicere
1109 1770 1195 1848 licet,
1224 1769 1312 1836 illum

166 1889 295 1952 quoque
311 1875 402 1938 virum
413 1877 539 1942 doctum
551 1876 695 1940 voculam
719 1879 794 1958 quin
817 1879 904 1942 initio
925 1879 1149 1959 interrogativa
1162 1879 1190 1942 vi
1213 1877 1314 1966 fuisse,

164 1973 277 2042 deinde
296 1983 400 2046 sensim
422 1983 453 2047 in
475 1981 649 2066 simplicem
674 1983 927 2049 coniunctionem
951 2004 1134 2049 conversam
1150 1984 1313 2062 censuisse,

162 2101 236 2164 ergo
267 2107 286 2151 a
314 2091 423 2154 nostris
453 2090 595 2172 partibus
622 2092 766 2155 stetisse?
819 2091 913 2169 Quod
943 2091 1018 2155 nrihi
1054 2091 1182 2173 quidem
1211 2111 1315 2174 aequo

158 2192 305 2260 audacius
323 2217 389 2262 non
411 2197 544 2262 videtur.

235 2301 390 2381 Nec'vero,
416 2307 585 2385 postquam
607 2303 687 2367 haec
708 2304 845 2384 exposui,
867 2304 943 2386 quin
966 2304 1114 2386 equidem
1137 2305 1188 2369 illa
1209 2326 1315 2370 exem-

163 2403 229 2484 pla,
256 2431 331 2492 quae
362 2431 401 2474 ex
422 2409 645 2490 antiquissimis
666 2409 868 2490 scriptoribus
889 2410 1077 2492 deprompta
1100 2411 1218 2492 priscae
1240 2431 1316 2484 cona

158 2515 321 2580 suetudinis
355 2517 559 2580 illustrandae
592 2513 688 2579 causa
720 2534 816 2596 supra
851 2515 957 2593 attuli,
987 2536 1021 2580 re
1054 2537 1129 2582 vera
1164 2519 1254 2583 aliter
1286 2523 1316 2582 et

152 2615 350 2700 hypotactico
372 2623 498 2704 quidem
523 2622 618 2685 modo
639 2621 825 2704 explicanda
847 2641 1011 2701 censeam,
1033 2625 1204 2714 quisquam
1225 2625 1316 2689 dubi-

150 2726 235 2792 tabit.
280 2729 385 2806 Nam,
413 2733 450 2792 ut
477 2730 572 2792 etiarn
600 2732 696 2810 atque
726 2727 822 2792 etiam
845 2728 877 2791 id
900 2749 1062 2794 moneam:
1092 2729 1207 2812 quibus
1235 2734 1315 2796 tem·

152 2836 280 2912 poribus
302 2835 418 2900 latinae
442 2836 561 2898 litterae
580 2837 690 2900 llorere
707 2837 887 2916 coeperunt,
910 2835 1008 2900 libera
1019 2836 1071 2901 illa
1080 2838 1316 2904 enuntiatorum

151 2942 349 3008 coordinatio
369 2943 513 3024 perierat.

230 3048 328 3129 Apud
350 3048 500 3112 Plautum
522 3052 628 3112 autern
652 3046 796 3127 exempla
824 3046 954 3110 inveniri
975 3051 1043 3114 tan]
1067 3048 1232 3114 diversam·
1245 3071 1317 3133 spe·

149 3155 228 3220 ciem
250 3175 328 3237 prae
349 3175 382 3218 se
403 3155 535 3220 ferentia
552 3155 629 3223 inde
645 3154 864 3236 explicandum
885 3154 1037 3232 existimo,
1060 3156 1147 3236 quod
1167 3157 1199 3220 in
1222 3156 1315 3220 huius

147 3265 263 3343 poetae
285 3261 453 3326 comoediis
482 3281 585 3326 sermo
616 3261 753 3341 vulgaris
782 3264 856 3324 ante
887 3257 993 3325 oculos
1020 3264 1082 3339 ast,
1113 3263 1167 3344 qui
1188 3266 1316 3344 propter

70 3453 73 3458 Ι
148 3368 327 3434 litterarum
348 3387 423 3432 usus
446 3369 585 3450 inopiam
608 3369 648 3432 ad
672 3370 790 3432 certam
813 3366 948 3432 formam
962 3368 1126 3450 pervenire
1142 3388 1207 3432 non
1223 3373 1315 3450 potu-

146 3478 235 3550 erat3
265 3475 351 3540 unde
377 3477 496 3540 factum
524 3478 585 3552 est,
617 3478 653 3538 ut
680 3473 908 3538 vetustissimae
931 3475 1044 3538 aetatis
1070 3474 1220 3557 reliquiae
1241 3494 1315 3558 cop·

146 3580 308 3646 suetudini
336 3583 585 3648 immiscerentur
613 3582 713 3646 multo
741 3579 904 3644 recentiori
935 3584 1031 3662 atque
1052 3581 1228 3657 excultiori3
1258 3582 1313 3647 sed

248 3867 273 3936 *)
292 3867 326 3923 cf.
344 3867 426 3923 huius
448 3869 687 3925 commentationis
705 3883 732 3939 p.
750 3867 791 3922 29.
