2990 4522
713 330 755 392 50

152 532 241 601 nicht
270 531 447 613 geschehen
477 531 577 615 (scilt
615 533 688 598 dass
716 533 767 598 die
793 531 907 616 Megia
933 533 1021 600 nieht
1047 535 1188 620 gegeben
1214 539 1316 623 wira),

148 641 234 706 denn
256 661 380 706 warum
401 640 490 706 sollte
511 642 555 706 sie
578 639 666 704 nieht
686 641 827 722 gegeben
849 641 1003 706 werden?

229 748 337 829 Longe
357 746 497 830 plurimis
515 747 712 829 locisfacerc
727 747 777 811 vel
791 747 869 828 fieri
883 747 1105 814 omittebatur:
1137 749 1314 820 Trinumm

147 855 225 919 705:
266 854 338 918 Nou
361 854 442 918 euim
463 873 593 936 possum
616 855 692 935 quiu
716 853 902 918 exclamem:
929 875 1015 936 cape,
1038 877 1123 939 cape,
1146 856 1316 924 Lusiieles.

194 957 196 964 ’
229 961 344 1025 Bacch.
373 961 452 1024 559:
513 959 611 1025 Video
650 980 712 1024 aaa
734 967 861 1040 potesse
895 961 972 1042 quin
1008 962 1066 1027 tibi
1103 964 1173 1030 eius
1206 985 1315 1030 uameu
1391 1039 1396 1056 ι

148 1067 195 1131 eia
216 1087 290 1131 uar.

197 1087 291 1236 ρΜίί.
315 1172 391 1254 glor.
417 1171 479 1236 262
500 1191 565 1256 sq.:
607 1173 691 1237 Num
722 1172 778 1238 ilie
806 1194 869 1238 ηοη
893 1175 1038 1256 potuit
1065 1177 1145 1257 qaiu
1174 1197 1317 1242 sermone

147 1300 205 1345 sua
250 1280 389 1378 aliquem
427 1280 645 1358 familiarium
684 1282 1017 1362 participaverit
1045 1281 1083 1346 de
1120 1285 1226 1348 amica
1259 1285 1317 1349 eri.

149 1386 337 1451 Consecutio
358 1389 537 1470 temporum
560 1387 712 1468 neglecta.

231 1517 358 1583 Trueal.
380 1518 459 1582 549:
500 1519 601 1583 Sucin'
628 1521 659 1583 si
688 1520 761 1602 quis
787 1525 875 1584 amai
903 1520 1011 1602 nequii
1040 1518 1117 1600 quia
1138 1518 1235 1583 nihili
1254 1519 1316 1589 sici

149 1633 243 1707 atque
264 1623 417 1707 improbis
440 1625 566 1690 artibus
588 1646 621 1691 se
643 1625 810 1706 eupolim?

229 1732 315 1797 Pers.
338 1732 416 1796 om:
458 1731 537 1796 Hau
556 1752 688 1812 possum
710 1734 786 1814 quin
807 1731 882 1795 huic
903 1751 1032 1812 operam
1053 1730 1123 1796 dem
1146 1729 1273 1814 iaspidi.

231 1839 293 1903 824
313 1855 377 1921 sq:
420 1837 557 1918 Nequeo,
580 1838 657 1918 leuc,
680 1841 758 1920 quia
782 1838 840 1904 iiii
862 1839 973 1904 saliem
996 1837 1189 1903 staticulum.

230 1962 326 2027 Stich.
349 1963 428 2026 3022
462 1962 534 2026 Noa
556 1963 639 2027 caim
655 1983 797 2042 passum,
821 1962 898 2044 quire
915 1969 1071 2041 emoriar,
1097 1962 1174 2043 quia
1193 1961 1318 2043 loquar,

149 2070 227 2150 quia
247 2069 432 2134 edissertem
454 2087 602 2150 eramque
625 2088 664 2132 ee
680 2089 825 2134 maerore
846 2070 991 2148 eximam,
1013 2069 1087 2133 irene
1106 2069 1198 2147 faeta
1218 2067 1319 2132 maia·

149 2193 222 2238 rum
242 2195 343 2239 meum
367 2194 405 2239 cu
417 2194 551 2257 aaqeam
574 2180 669 2256 alque
689 2175 781 2239 iilam
803 2195 937 2259 auqcam
957 2178 1122 2262 insperata
1142 2161 1319 2256 apporiuao

150 2281 237 2345 bauo.

230 2386 293 2451 Mil.
323 2385 399 2468 glor.
430 2387 507 2451 603:
567 2387 676 2468 Neque
709 2393 815 2468 polest
852 2354 929 2470 quin
963 2389 994 2452 si
1029 2387 1171 2452 inimicis
1212 2386 1318 2452 asuisi

150 2495 235 2575 opsii
256 2493 323 2560 cibi.

231 2626 309 2690 693:
358 2623 436 2690 Tum
452 2625 625 2705 piatricem
647 2623 811 2689 clementer·
833 2645 896 2690 aaa
914 2631 1028 2706 polest,
1051 2625 1130 2705 quiri
1150 2641 1318 2689 manerem

235 2755 329 2821 1842:
368 2755 495 2837 Nequeo
519 2756 596 2837 quin
611 2753 720 2837 sicam.

232 2886 340 2969 Atque
361 2885 423 2964 hie,
452 2890 489 2951 ut
517 2885 567 2950 lae
596 2885 686 2963 lecti,
708 2905 767 2967 par
789 2890 836 2951 esi
859 2886 975 2950 horum
997 2885 1140 2950 locorum
1161 2885 1318 2952 condicio:

87 2991 91 2998 ’
150 2992 214 3057 Mil.
234 2993 312 3074 glor.
333 2993 413 3057 283:
455 2993 528 3057 Nou
557 2993 640 3056 euim
654 2993 784 3074 faciam
813 2995 890 3073 quiri
911 2995 1015 3058 scias:
1054 2991 1108 3057 leh
1128 2991 1236 3057 welde
1261 2991 1320 3056 das

150 3099 240 3164 nicht
265 3099 445 3180 geschehen
465 3099 585 3177 lassen,
613 3100 687 3166 dass
715 3099 759 3166 du
783 3099 871 3164 nicht
899 3100 1014 3164 derum
1042 3099 1155 3166 wissen
1182 3098 1318 3174 solllesi3

151 3207 210 3270 aul
222 3205 317 3287 jeden
339 3205 405 3270 Fall
433 3208 520 3270 wirst
541 3205 586 3270 dn
605 3206 719 3271 darum
745 3206 874 3280 wissen3
905 3209 940 3270 ut
965 3206 1121 3286 originem
1146 3205 1318 3273 illustrem:

150 3312 204 3380 Ich
225 3313 331 3378 werde
347 3313 404 3378 das
423 3312 512 3378 nieht
531 3312 612 3378 lhun
633 3309 710 3393 (scil.
721 3311 794 3376 dieh
807 3310 840 3378 in
849 3311 1064 3378 Unkennlniss
1083 3310 1209 3394 lamen),
1231 3311 1318 3376 denn

150 3438 275 3484 warum
302 3418 420 3484 solllesl
448 3419 492 3483 du
520 3437 554 3482 es
581 3418 669 3483 nicht
692 3419 826 3483 wissen?
868 3418 1077 3486 Enuniiatum
1100 3419 1209 3502 igitur,
1231 3417 1318 3506 quod

151 3530 198 3591 esi
219 3527 296 3608 quia
316 3526 410 3606 scias,
428 3525 574 3605 faciendi
595 3526 660 3590 vim
680 3525 824 3608 explicat„
845 3525 991 3594 Celerum
1011 3528 1049 3593 ei.
1063 3545 1162 3610 supra
1174 3526 1254 3609 pli
1269 3545 1317 3610 sq.

232 3657 307 3723 ibid.
328 3658 391 3727 473
411 3678 477 3742 sq.:
525 3656 579 3723 Sei
604 3673 776 3738 numquam
805 3661 972 3742 quisquam
992 3659 1111 3741 facici,
1143 3657 1221 3740 qaia
1246 3678 1319 3741 qer-

150 3787 248 3832 mana
269 3768 313 3832 sii
333 3767 399 3831 isia
422 3785 515 3832 soror
532 3765 637 3832 liuius.

232 3897 350 3981 Amph.
372 3898 449 3964 399:
473 3899 521 3966 Tu
543 3919 592 3964 me
611 3899 814 3968 oiaosnliadie
835 3917 1005 3981 numquam
1018 3898 1136 3981 facies,
1156 3897 1233 3982 quia
1254 3897 1319 3964 sim

151 4005 255 4078 Sosia.
299 4005 463 4089 Ussinqius
483 4006 543 4092 (ad
564 4029 594 4074 v.
616 4003 695 4089 394)
722 4007 872 4090 explicat:
903 4009 1077 4092 »quamdiu
1101 4006 1196 4088 vivis,
1222 4025 1318 4075 num·

1475 439 1491 480 e
