<?xml version="1.0" encoding="UTF-8"?>
<!DOCTYPE html PUBLIC "-//W3C//DTD XHTML 1.0 Transitional//EN"
    "http://www.w3.org/TR/xhtml1/DTD/xhtml1-transitional.dtd">
<html xmlns="http://www.w3.org/1999/xhtml" xml:lang="en" lang="en">
 <head>
  <title>
</title>
<meta http-equiv="Content-Type" content="text/html;charset=utf-8" />
  <meta name='ocr-system' content='tesseract 3.04.00' />
  <meta name='ocr-capabilities' content='ocr_page ocr_carea ocr_par ocr_line ocrx_word'/>
</head>
<body>
  <div class='ocr_page' id='page_1' title='image "./dequinparticula00schmgoog_0014.png"; bbox 0 0 2990 4522; ppageno 0'>
   <div class='ocr_carea' id='block_1_1' title="bbox 730 303 749 366">
    <p class='ocr_par' dir='ltr' id='par_1_1' title="bbox 730 303 749 366">
     <span class='ocr_line' id='line_1_1' title="bbox 730 303 749 366; baseline 0 0"><span class='ocrx_word' id='word_1_1' title='bbox 730 303 749 366; x_wconf 84' lang='lat'>3</span> 
     </span>
    </p>
   </div>
   <div class='ocr_carea' id='block_1_2' title="bbox 147 505 1316 680">
    <p class='ocr_par' dir='ltr' id='par_1_2' title="bbox 147 505 1316 680">
     <span class='ocr_line' id='line_1_2' title="bbox 151 505 1316 592; baseline 0.002 -20"><span class='ocrx_word' id='word_1_2' title='bbox 151 509 239 591; x_wconf 90' lang='lat' dir='ltr'>apu&#39;d</span> <span class='ocrx_word' id='word_1_3' title='bbox 259 509 447 592; x_wconf 71' lang='lat' dir='ltr'>posteriores</span> <span class='ocrx_word' id='word_1_4' title='bbox 467 508 633 590; x_wconf 81' lang='lat' dir='ltr'>scriptores</span> <span class='ocrx_word' id='word_1_5' title='bbox 657 509 781 584; x_wconf 80' lang='lat' dir='ltr'>extent,</span> <span class='ocrx_word' id='word_1_6' title='bbox 804 507 846 571; x_wconf 90' lang='lat' dir='ltr'>ad</span> <span class='ocrx_word' id='word_1_7' title='bbox 866 525 919 572; x_wconf 89' lang='lat' dir='ltr'>eas</span> <span class='ocrx_word' id='word_1_8' title='bbox 939 505 1158 591; x_wconf 88' lang='lat' dir='ltr'>disquirendas</span> <span class='ocrx_word' id='word_1_9' title='bbox 1179 509 1316 574; x_wconf 83' lang='lat' dir='ltr'><strong>maxime</strong></span> 
     </span>
     <span class='ocr_line' id='line_1_3' title="bbox 147 614 458 680; baseline 0.006 -2"><span class='ocrx_word' id='word_1_10' title='bbox 147 615 296 680; x_wconf 83' lang='lat' dir='ltr'>ridentur</span> <span class='ocrx_word' id='word_1_11' title='bbox 316 614 458 680; x_wconf 85' lang='lat' dir='ltr'>idoneae.</span> 
     </span>
    </p>
   </div>
   <div class='ocr_carea' id='block_1_3' title="bbox 58 743 1367 1693">
    <p class='ocr_par' dir='ltr' id='par_1_3' title="bbox 58 743 1367 1693">
     <span class='ocr_line' id='line_1_4' title="bbox 231 743 1311 831; baseline 0.007 -22"><span class='ocrx_word' id='word_1_12' title='bbox 231 745 293 810; x_wconf 86' lang='lat' dir='ltr'>Sed</span> <span class='ocrx_word' id='word_1_13' title='bbox 321 747 496 810; x_wconf 90' lang='lat' dir='ltr'>tenendum</span> <span class='ocrx_word' id='word_1_14' title='bbox 525 751 587 824; x_wconf 89' lang='lat' dir='ltr'>est,</span> <span class='ocrx_word' id='word_1_15' title='bbox 619 743 721 810; x_wconf 87' lang='lat' dir='ltr'>Plauti</span> <span class='ocrx_word' id='word_1_16' title='bbox 753 765 880 831; x_wconf 90' lang='lat' dir='ltr'>quoque</span> <span class='ocrx_word' id='word_1_17' title='bbox 908 751 1050 830; x_wconf 87' lang='lat' dir='ltr'>tempore</span> <span class='ocrx_word' id='word_1_18' title='bbox 1077 745 1216 830; x_wconf 82' lang='lat' dir='ltr'><strong>linguam</strong></span> <span class='ocrx_word' id='word_1_19' title='bbox 1247 751 1311 817; x_wconf 90' lang='lat' dir='ltr'>iam</span> 
     </span>
     <span class='ocr_line' id='line_1_5' title="bbox 147 851 1309 938; baseline 0.009 -19"><span class='ocrx_word' id='word_1_20' title='bbox 147 853 239 919; x_wconf 89' lang='lat' dir='ltr'>valde</span> <span class='ocrx_word' id='word_1_21' title='bbox 260 853 404 917; x_wconf 88' lang='lat' dir='ltr'>adultam</span> <span class='ocrx_word' id='word_1_22' title='bbox 429 853 520 918; x_wconf 89' lang='lat' dir='ltr'>fuisse</span> <span class='ocrx_word' id='word_1_23' title='bbox 542 853 590 935; x_wconf 84' lang='lat' dir='ltr'>(ut</span> <span class='ocrx_word' id='word_1_24' title='bbox 603 855 646 918; x_wconf 89' lang='lat' dir='ltr'>ita</span> <span class='ocrx_word' id='word_1_25' title='bbox 660 851 791 934; x_wconf 84' lang='lat' dir='ltr'>dicam),</span> <span class='ocrx_word' id='word_1_26' title='bbox 814 875 919 938; x_wconf 92' lang='lat' dir='ltr'>neque</span> <span class='ocrx_word' id='word_1_27' title='bbox 941 859 1071 924; x_wconf 91' lang='lat' dir='ltr'>omnino</span> <span class='ocrx_word' id='word_1_28' title='bbox 1093 861 1309 929; x_wconf 86' lang='lat' dir='ltr'>condicionem</span> 
     </span>
     <span class='ocr_line' id='line_1_6' title="bbox 146 947 1312 1046; baseline 0.006 -19"><span class='ocrx_word' id='word_1_29' title='bbox 146 965 211 1027; x_wconf 83' lang='lat' dir='ltr'>tam</span> <span class='ocrx_word' id='word_1_30' title='bbox 244 982 425 1046; x_wconf 80' lang='lat' dir='ltr'>prosperam</span> <span class='ocrx_word' id='word_1_31' title='bbox 439 947 443 960; x_wconf 78' lang='grc'>’</span> <span class='ocrx_word' id='word_1_32' title='bbox 457 981 523 1025; x_wconf 89' lang='lat' dir='ltr'>esse</span> <span class='ocrx_word' id='word_1_33' title='bbox 537 963 584 1024; x_wconf 72' lang='lat' dir='ltr'>-in</span> <span class='ocrx_word' id='word_1_34' title='bbox 606 962 719 1026; x_wconf 89' lang='lat' dir='ltr'>Latino</span> <span class='ocrx_word' id='word_1_35' title='bbox 750 980 847 1044; x_wconf 90' lang='lat' dir='ltr'>quam</span> <span class='ocrx_word' id='word_1_36' title='bbox 874 965 905 1028; x_wconf 94' lang='lat' dir='ltr'>in</span> <span class='ocrx_word' id='word_1_37' title='bbox 935 965 1054 1031; x_wconf 87' lang='lat' dir='ltr'>Graeco</span> <span class='ocrx_word' id='word_1_38' title='bbox 1082 987 1228 1034; x_wconf 86' lang='lat' dir='ltr'>sermone</span> <span class='ocrx_word' id='word_1_39' title='bbox 1257 991 1312 1036; x_wconf 85' lang='lat' dir='ltr'>ex·</span> 
     </span>
     <span class='ocr_line' id='line_1_7' title="bbox 58 1067 1367 1154; baseline 0.009 -23"><span class='ocrx_word' id='word_1_40' title='bbox 58 1101 62 1112; x_wconf 93' lang='lat'>·</span> <span class='ocrx_word' id='word_1_41' title='bbox 143 1070 310 1152; x_wconf 89' lang='lat' dir='ltr'>plorando,</span> <span class='ocrx_word' id='word_1_42' title='bbox 331 1089 401 1134; x_wconf 90' lang='lat' dir='ltr'>cum</span> <span class='ocrx_word' id='word_1_43' title='bbox 414 1090 452 1134; x_wconf 85' lang='lat' dir='ltr'>ex</span> <span class='ocrx_word' id='word_1_44' title='bbox 467 1069 605 1151; x_wconf 76' lang='lat' dir='ltr'>antiquis</span> <span class='ocrx_word' id='word_1_45' title='bbox 620 1067 675 1132; x_wconf 90' lang='lat' dir='ltr'>illis</span> <span class='ocrx_word' id='word_1_46' title='bbox 691 1070 884 1151; x_wconf 79' lang='lat' dir='ltr'>temporibus</span> <span class='ocrx_word' id='word_1_47' title='bbox 899 1075 1023 1138; x_wconf 87' lang='lat' dir='ltr'>servata</span> <span class='ocrx_word' id='word_1_48' title='bbox 1038 1073 1179 1154; x_wconf 85' lang='lat' dir='ltr'>earmina</span> <span class='ocrx_word' id='word_1_49' title='bbox 1193 1077 1312 1142; x_wconf 92' lang='lat' dir='ltr'>Home·</span> <span class='ocrx_word' id='word_1_50' title='bbox 1364 1129 1367 1134; x_wconf 90' lang='lat'>.</span> 
     </span>
     <span class='ocr_line' id='line_1_8' title="bbox 147 1177 1311 1268; baseline 0.009 -28"><span class='ocrx_word' id='word_1_51' title='bbox 147 1178 214 1240; x_wconf 87' lang='lat' dir='ltr'>rica</span> <span class='ocrx_word' id='word_1_52' title='bbox 235 1179 377 1240; x_wconf 91' lang='lat' dir='ltr'>innatum</span> <span class='ocrx_word' id='word_1_53' title='bbox 399 1178 462 1240; x_wconf 89' lang='lat' dir='ltr'>fere</span> <span class='ocrx_word' id='word_1_54' title='bbox 484 1177 577 1240; x_wconf 93' lang='lat' dir='ltr'>huius</span> <span class='ocrx_word' id='word_1_55' title='bbox 607 1177 751 1241; x_wconf 88' lang='lat' dir='ltr'>habitum</span> <span class='ocrx_word' id='word_1_56' title='bbox 782 1177 967 1256; x_wconf 73' lang='lat' dir='ltr'>exhibeant,</span> <span class='ocrx_word' id='word_1_57' title='bbox 996 1182 1117 1246; x_wconf 87' lang='lat' dir='ltr'>accedit</span> <span class='ocrx_word' id='word_1_58' title='bbox 1148 1187 1232 1268; x_wconf 89' lang='lat' dir='ltr'>quod</span> <span class='ocrx_word' id='word_1_59' title='bbox 1260 1185 1311 1251; x_wconf 88' lang='lat' dir='ltr'>hic</span> 
     </span>
     <span class='ocr_line' id='line_1_9' title="bbox 144 1281 1309 1370; baseline 0.01 -24"><span class='ocrx_word' id='word_1_60' title='bbox 144 1285 288 1348; x_wconf 90' lang='lat' dir='ltr'>omnibus</span> <span class='ocrx_word' id='word_1_61' title='bbox 315 1283 510 1366; x_wconf 86' lang='lat' dir='ltr'>temporibus</span> <span class='ocrx_word' id='word_1_62' title='bbox 539 1281 630 1347; x_wconf 89' lang='lat' dir='ltr'>valde</span> <span class='ocrx_word' id='word_1_63' title='bbox 657 1283 854 1365; x_wconf 88' lang='lat' dir='ltr'>perlucidum</span> <span class='ocrx_word' id='word_1_64' title='bbox 879 1303 946 1351; x_wconf 86' lang='lat' dir='ltr'>sese</span> <span class='ocrx_word' id='word_1_65' title='bbox 969 1289 1118 1370; x_wconf 82' lang='lat' dir='ltr'>praebet,</span> <span class='ocrx_word' id='word_1_66' title='bbox 1148 1281 1235 1357; x_wconf 88' lang='lat' dir='ltr'>cuius</span> <span class='ocrx_word' id='word_1_67' title='bbox 1264 1295 1309 1358; x_wconf 89' lang='lat' dir='ltr'>rei</span> 
     </span>
     <span class='ocr_line' id='line_1_10' title="bbox 142 1391 1308 1475; baseline 0.011 -22"><span class='ocrx_word' id='word_1_68' title='bbox 142 1391 319 1473; x_wconf 80' lang='lat' dir='ltr'>principalis</span> <span class='ocrx_word' id='word_1_69' title='bbox 355 1394 402 1454; x_wconf 90' lang='lat' dir='ltr'>est</span> <span class='ocrx_word' id='word_1_70' title='bbox 436 1409 549 1468; x_wconf 86' lang='lat' dir='ltr'>causa,</span> <span class='ocrx_word' id='word_1_71' title='bbox 586 1391 670 1473; x_wconf 90' lang='lat' dir='ltr'>quod</span> <span class='ocrx_word' id='word_1_72' title='bbox 704 1411 882 1475; x_wconf 88' lang='lat' dir='ltr'>numquam</span> <span class='ocrx_word' id='word_1_73' title='bbox 919 1398 986 1458; x_wconf 88' lang='lat' dir='ltr'>tam</span> <span class='ocrx_word' id='word_1_74' title='bbox 1018 1401 1106 1461; x_wconf 89' lang='lat' dir='ltr'>arcta</span> <span class='ocrx_word' id='word_1_75' title='bbox 1138 1401 1308 1466; x_wconf 87' lang='lat' dir='ltr'>verborum</span> 
     </span>
     <span class='ocr_line' id='line_1_11' title="bbox 142 1481 1309 1591; baseline 0.011 -30"><span class='ocrx_word' id='word_1_76' title='bbox 142 1499 445 1586; x_wconf 86' lang='lat' dir='ltr'>enuntiatorumque</span> <span class='ocrx_word' id='word_1_77' title='bbox 464 1481 643 1562; x_wconf 89' lang='lat' dir='ltr'>coniunctio</span> <span class='ocrx_word' id='word_1_78' title='bbox 660 1500 746 1580; x_wconf 86' lang='lat' dir='ltr'>apud</span> <span class='ocrx_word' id='word_1_79' title='bbox 761 1497 898 1566; x_wconf 86' lang='lat' dir='ltr'>Graecos</span> <span class='ocrx_word' id='word_1_80' title='bbox 912 1506 1075 1586; x_wconf 87' lang='lat' dir='ltr'>reperitur,</span> <span class='ocrx_word' id='word_1_81' title='bbox 1097 1507 1152 1572; x_wconf 90' lang='lat' dir='ltr'>sed</span> <span class='ocrx_word' id='word_1_82' title='bbox 1167 1509 1309 1591; x_wconf 82' lang='lat' dir='ltr'>singulae</span> 
     </span>
     <span class='ocr_line' id='line_1_12' title="bbox 139 1605 1208 1693; baseline 0.009 -24"><span class='ocrx_word' id='word_1_83' title='bbox 139 1607 290 1670; x_wconf 89' lang='lat' dir='ltr'>orationis</span> <span class='ocrx_word' id='word_1_84' title='bbox 314 1607 419 1687; x_wconf 88' lang='lat' dir='ltr'>partes</span> <span class='ocrx_word' id='word_1_85' title='bbox 440 1605 541 1669; x_wconf 91' lang='lat' dir='ltr'>multo</span> <span class='ocrx_word' id='word_1_86' title='bbox 564 1605 726 1668; x_wconf 88' lang='lat' dir='ltr'>solutiores</span> <span class='ocrx_word' id='word_1_87' title='bbox 747 1611 822 1672; x_wconf 91' lang='lat' dir='ltr'>sunt</span> <span class='ocrx_word' id='word_1_88' title='bbox 843 1629 941 1690; x_wconf 87' lang='lat' dir='ltr'>quam</span> <span class='ocrx_word' id='word_1_89' title='bbox 963 1613 1049 1693; x_wconf 89' lang='lat' dir='ltr'>apud</span> <span class='ocrx_word' id='word_1_90' title='bbox 1071 1609 1208 1678; x_wconf 88' lang='lat' dir='ltr'>Latinos.</span> 
     </span>
    </p>
   </div>
   <div class='ocr_carea' id='block_1_4' title="bbox 142 1737 1308 2038">
    <p class='ocr_par' dir='ltr' id='par_1_4' title="bbox 142 1737 1308 2038">
     <span class='ocr_line' id='line_1_13' title="bbox 224 1737 1303 1831; baseline 0.015 -32"><span class='ocrx_word' id='word_1_91' title='bbox 224 1737 320 1814; x_wconf 90' lang='lat' dir='ltr'>Quod</span> <span class='ocrx_word' id='word_1_92' title='bbox 342 1737 384 1799; x_wconf 90' lang='lat' dir='ltr'>ad</span> <span class='ocrx_word' id='word_1_93' title='bbox 407 1739 509 1816; x_wconf 86' lang='lat' dir='ltr'>ipsam</span> <span class='ocrx_word' id='word_1_94' title='bbox 530 1755 636 1798; x_wconf 86' lang='lat' dir='ltr'>rerum</span> <span class='ocrx_word' id='word_1_95' title='bbox 659 1739 879 1804; x_wconf 81' lang='lat' dir='ltr'>tractationem</span> <span class='ocrx_word' id='word_1_96' title='bbox 902 1743 1031 1822; x_wconf 87' lang='lat' dir='ltr'>attinet,</span> <span class='ocrx_word' id='word_1_97' title='bbox 1062 1765 1103 1810; x_wconf 93' lang='lat' dir='ltr'>ne</span> <span class='ocrx_word' id='word_1_98' title='bbox 1134 1749 1303 1831; x_wconf 83' lang='lat' dir='ltr'>indigneris</span> 
     </span>
     <span class='ocr_line' id='line_1_14' title="bbox 142 1843 1308 1939; baseline 0.015 -34"><span class='ocrx_word' id='word_1_99' title='bbox 142 1845 289 1918; x_wconf 86' lang='lat' dir='ltr'>obsecro,</span> <span class='ocrx_word' id='word_1_100' title='bbox 310 1843 394 1922; x_wconf 87' lang='lat' dir='ltr'>quod</span> <span class='ocrx_word' id='word_1_101' title='bbox 414 1843 569 1918; x_wconf 86' lang='lat' dir='ltr'>omnibus,</span> <span class='ocrx_word' id='word_1_102' title='bbox 585 1848 742 1924; x_wconf 90' lang='lat' dir='ltr'>quantum</span> <span class='ocrx_word' id='word_1_103' title='bbox 759 1846 824 1910; x_wconf 87' lang='lat' dir='ltr'>lieri</span> <span class='ocrx_word' id='word_1_104' title='bbox 839 1853 974 1931; x_wconf 90' lang='lat' dir='ltr'>poterat,</span> <span class='ocrx_word' id='word_1_105' title='bbox 990 1855 1139 1936; x_wconf 81' lang='lat' dir='ltr'>exenrplis</span> <span class='ocrx_word' id='word_1_106' title='bbox 1155 1860 1308 1939; x_wconf 84' lang='lat' dir='ltr'>congestis</span> 
     </span>
     <span class='ocr_line' id='line_1_15' title="bbox 143 1947 1304 2038; baseline 0.018 -28"><span class='ocrx_word' id='word_1_107' title='bbox 143 1949 276 2011; x_wconf 82' lang='lat' dir='ltr'>tortasse</span> <span class='ocrx_word' id='word_1_108' title='bbox 292 1947 402 2028; x_wconf 81' lang='lat' dir='ltr'>longus</span> <span class='ocrx_word' id='word_1_109' title='bbox 416 1967 495 2011; x_wconf 90' lang='lat' dir='ltr'>sum.</span> <span class='ocrx_word' id='word_1_110' title='bbox 522 1948 616 2026; x_wconf 87' lang='lat' dir='ltr'>Quod</span> <span class='ocrx_word' id='word_1_111' title='bbox 631 1951 747 2014; x_wconf 90' lang='lat' dir='ltr'>lactum</span> <span class='ocrx_word' id='word_1_112' title='bbox 765 1958 819 2032; x_wconf 90' lang='lat' dir='ltr'>est,</span> <span class='ocrx_word' id='word_1_113' title='bbox 835 1975 899 2038; x_wconf 92' lang='lat' dir='ltr'>quo</span> <span class='ocrx_word' id='word_1_114' title='bbox 913 1960 1025 2023; x_wconf 90' lang='lat' dir='ltr'>certius</span> <span class='ocrx_word' id='word_1_115' title='bbox 1041 1961 1129 2028; x_wconf 84' lang='lat' dir='ltr'>fieret</span> <span class='ocrx_word' id='word_1_116' title='bbox 1147 1964 1304 2032; x_wconf 90' lang='lat' dir='ltr'>iudicium.</span> 
     </span>
    </p>
   </div>
   <div class='ocr_carea' id='block_1_5' title="bbox 138 2079 1306 2508">
    <p class='ocr_par' dir='ltr' id='par_1_5' title="bbox 138 2079 1306 2508">
     <span class='ocr_line' id='line_1_16' title="bbox 225 2079 1304 2170; baseline 0.022 -29"><span class='ocrx_word' id='word_1_117' title='bbox 225 2079 374 2160; x_wconf 81' lang='lat' dir='ltr'>Exempla</span> <span class='ocrx_word' id='word_1_118' title='bbox 387 2101 461 2143; x_wconf 90' lang='lat' dir='ltr'>vero</span> <span class='ocrx_word' id='word_1_119' title='bbox 483 2082 522 2146; x_wconf 90' lang='lat' dir='ltr'>ad</span> <span class='ocrx_word' id='word_1_120' title='bbox 539 2085 637 2145; x_wconf 88' lang='lat' dir='ltr'>artem</span> <span class='ocrx_word' id='word_1_121' title='bbox 661 2085 798 2148; x_wconf 83' lang='lat' dir='ltr'>criticam</span> <span class='ocrx_word' id='word_1_122' title='bbox 811 2087 963 2170; x_wconf 82' lang='lat' dir='ltr'>exigenda</span> <span class='ocrx_word' id='word_1_123' title='bbox 975 2093 1147 2159; x_wconf 86' lang='lat' dir='ltr'>maximam</span> <span class='ocrx_word' id='word_1_124' title='bbox 1171 2098 1304 2166; x_wconf 86' lang='lat' dir='ltr'>difficul-</span> 
     </span>
     <span class='ocr_line' id='line_1_17' title="bbox 142 2187 1301 2278; baseline 0.026 -30"><span class='ocrx_word' id='word_1_125' title='bbox 142 2188 239 2249; x_wconf 85' lang='lat' dir='ltr'>tatem</span> <span class='ocrx_word' id='word_1_126' title='bbox 262 2187 474 2267; x_wconf 85' lang='lat' dir='ltr'>praebebant,</span> <span class='ocrx_word' id='word_1_127' title='bbox 503 2190 670 2271; x_wconf 87' lang='lat' dir='ltr'>quoniam,</span> <span class='ocrx_word' id='word_1_128' title='bbox 693 2195 729 2253; x_wconf 89' lang='lat' dir='ltr'>ut</span> <span class='ocrx_word' id='word_1_129' title='bbox 752 2196 966 2278; x_wconf 87' lang='lat' dir='ltr'>unusquisque</span> <span class='ocrx_word' id='word_1_130' title='bbox 988 2201 1061 2278; x_wconf 89' lang='lat' dir='ltr'>scit,</span> <span class='ocrx_word' id='word_1_131' title='bbox 1084 2201 1301 2278; x_wconf 78' lang='lat' dir='ltr'>plautinarum</span> 
     </span>
     <span class='ocr_line' id='line_1_18' title="bbox 142 2291 1306 2390; baseline 0.026 -36"><span class='ocrx_word' id='word_1_132' title='bbox 142 2291 325 2356; x_wconf 88' lang='lat' dir='ltr'>fabularum</span> <span class='ocrx_word' id='word_1_133' title='bbox 349 2295 490 2359; x_wconf 88' lang='lat' dir='ltr'>condicio</span> <span class='ocrx_word' id='word_1_134' title='bbox 512 2297 615 2360; x_wconf 88' lang='lat' dir='ltr'>critica</span> <span class='ocrx_word' id='word_1_135' title='bbox 635 2299 779 2376; x_wconf 87' lang='lat' dir='ltr'>nondum</span> <span class='ocrx_word' id='word_1_136' title='bbox 807 2303 850 2366; x_wconf 90' lang='lat' dir='ltr'>ita</span> <span class='ocrx_word' id='word_1_137' title='bbox 872 2307 917 2366; x_wconf 90' lang='lat' dir='ltr'>est</span> <span class='ocrx_word' id='word_1_138' title='bbox 939 2314 1134 2390; x_wconf 89' lang='lat' dir='ltr'>comparata,</span> <span class='ocrx_word' id='word_1_139' title='bbox 1157 2318 1191 2380; x_wconf 87' lang='lat' dir='ltr'>ut</span> <span class='ocrx_word' id='word_1_140' title='bbox 1214 2315 1245 2380; x_wconf 90' lang='lat' dir='ltr'>in</span> <span class='ocrx_word' id='word_1_141' title='bbox 1267 2339 1306 2384; x_wconf 88' lang='lat' dir='ltr'>ea</span> 
     </span>
     <span class='ocr_line' id='line_1_19' title="bbox 138 2399 1305 2508; baseline 0.025 -46"><span class='ocrx_word' id='word_1_142' title='bbox 138 2399 335 2481; x_wconf 88' lang='lat' dir='ltr'>acquiescere</span> <span class='ocrx_word' id='word_1_143' title='bbox 361 2403 466 2480; x_wconf 75' lang='lat' dir='ltr'>[russis</span> <span class='ocrx_word' id='word_1_144' title='bbox 511 2403 649 2480; x_wconf 84' lang='lat' dir='ltr'>Quodsi</span> <span class='ocrx_word' id='word_1_145' title='bbox 681 2407 713 2469; x_wconf 94' lang='lat' dir='ltr'>in</span> <span class='ocrx_word' id='word_1_146' title='bbox 743 2407 822 2483; x_wconf 84' lang='lat' dir='ltr'>locis</span> <span class='ocrx_word' id='word_1_147' title='bbox 845 2411 886 2472; x_wconf 90' lang='lat' dir='ltr'>ad</span> <span class='ocrx_word' id='word_1_148' title='bbox 917 2431 1025 2476; x_wconf 84' lang='lat' dir='ltr'>veram</span> <span class='ocrx_word' id='word_1_149' title='bbox 1054 2437 1305 2508; x_wconf 76' lang='lat' dir='ltr'>germanamque</span> 
     </span>
    </p>
   </div>
   <div class='ocr_carea' id='block_1_6' title="bbox 138 2508 1304 2697">
    <p class='ocr_par' dir='ltr' id='par_1_6' title="bbox 138 2508 1304 2697">
     <span class='ocr_line' id='line_1_20' title="bbox 138 2508 1304 2598; baseline 0.026 -30"><span class='ocrx_word' id='word_1_150' title='bbox 138 2508 271 2570; x_wconf 90' lang='lat' dir='ltr'>formam</span> <span class='ocrx_word' id='word_1_151' title='bbox 309 2509 493 2572; x_wconf 86' lang='lat' dir='ltr'>revocandis</span> <span class='ocrx_word' id='word_1_152' title='bbox 525 2513 704 2592; x_wconf 89' lang='lat' dir='ltr'>saepissime</span> <span class='ocrx_word' id='word_1_153' title='bbox 738 2515 881 2595; x_wconf 86' lang='lat' dir='ltr'>peccavi,</span> <span class='ocrx_word' id='word_1_154' title='bbox 915 2519 1032 2585; x_wconf 85' lang='lat' dir='ltr'>viribus</span> <span class='ocrx_word' id='word_1_155' title='bbox 1066 2525 1142 2592; x_wconf 90' lang='lat' dir='ltr'>meis</span> <span class='ocrx_word' id='word_1_156' title='bbox 1173 2531 1304 2598; x_wconf 84' lang='lat' dir='ltr'>infirmis</span> 
     </span>
     <span class='ocr_line' id='line_1_21' title="bbox 138 2613 1299 2697; baseline 0.017 -23"><span class='ocrx_word' id='word_1_157' title='bbox 138 2613 302 2694; x_wconf 86' lang='lat' dir='ltr'>indulgeas</span> <span class='ocrx_word' id='word_1_158' title='bbox 324 2635 450 2697; x_wconf 85' lang='lat' dir='ltr'>quaeso</span> <span class='ocrx_word' id='word_1_159' title='bbox 1295 2620 1299 2626; x_wconf 50' lang='lat'><strong><em>¹</em></strong></span> 
     </span>
    </p>
   </div>
   <div class='ocr_carea' id='block_1_7' title="bbox 132 2745 1303 3454">
    <p class='ocr_par' dir='ltr' id='par_1_7' title="bbox 132 2745 1303 3454">
     <span class='ocr_line' id='line_1_22' title="bbox 218 2745 1303 2850; baseline 0.024 -42"><span class='ocrx_word' id='word_1_160' title='bbox 218 2745 253 2808; x_wconf 94' lang='lat' dir='ltr'>In</span> <span class='ocrx_word' id='word_1_161' title='bbox 274 2747 415 2810; x_wconf 89' lang='lat' dir='ltr'>versibus</span> <span class='ocrx_word' id='word_1_162' title='bbox 437 2747 590 2812; x_wconf 85' lang='lat' dir='ltr'>Plautinis</span> <span class='ocrx_word' id='word_1_163' title='bbox 609 2749 783 2814; x_wconf 86' lang='lat' dir='ltr'>indicandis</span> <span class='ocrx_word' id='word_1_164' title='bbox 804 2773 953 2820; x_wconf 75' lang='lat' dir='ltr'>uulneres</span> <span class='ocrx_word' id='word_1_165' title='bbox 973 2760 1166 2843; x_wconf 83' lang='lat' dir='ltr'>adscribam,</span> <span class='ocrx_word' id='word_1_166' title='bbox 1189 2770 1303 2850; x_wconf 89' lang='lat' dir='ltr'>quihus</span> 
     </span>
     <span class='ocr_line' id='line_1_23' title="bbox 135 2852 1300 2954; baseline 0.023 -40"><span class='ocrx_word' id='word_1_167' title='bbox 135 2852 181 2914; x_wconf 88' lang='lat' dir='ltr'>usi</span> <span class='ocrx_word' id='word_1_168' title='bbox 213 2857 287 2915; x_wconf 89' lang='lat' dir='ltr'>sunt</span> <span class='ocrx_word' id='word_1_169' title='bbox 318 2853 534 2918; x_wconf 84' lang='lat' dir='ltr'>Fleckeisenus</span> <span class='ocrx_word' id='word_1_170' title='bbox 564 2857 596 2917; x_wconf 92' lang='lat' dir='ltr'>in</span> <span class='ocrx_word' id='word_1_171' title='bbox 627 2857 877 2939; x_wconf 81' lang='lat' dir='ltr'>Amphitruone,</span> <span class='ocrx_word' id='word_1_172' title='bbox 908 2863 1069 2945; x_wconf 88' lang='lat' dir='ltr'>Asinaria,</span> <span class='ocrx_word' id='word_1_173' title='bbox 1103 2869 1300 2954; x_wconf 86' lang='lat' dir='ltr'>Curculione,</span> 
     </span>
     <span class='ocr_line' id='line_1_24' title="bbox 135 2958 1299 3047; baseline 0.024 -29"><span class='ocrx_word' id='word_1_174' title='bbox 135 2958 359 3036; x_wconf 77' lang='lat' dir='ltr'>Bacchidibus,</span> <span class='ocrx_word' id='word_1_175' title='bbox 389 2959 545 3042; x_wconf 85' lang='lat' dir='ltr'>Captivis,</span> <span class='ocrx_word' id='word_1_176' title='bbox 568 2961 735 3039; x_wconf 82' lang='lat' dir='ltr'>Rudente,</span> <span class='ocrx_word' id='word_1_177' title='bbox 766 2963 890 3043; x_wconf 89' lang='lat' dir='ltr'>Stich0;</span> <span class='ocrx_word' id='word_1_178' title='bbox 923 2971 1109 3042; x_wconf 83' lang='lat' dir='ltr'>Ritsehelius</span> <span class='ocrx_word' id='word_1_179' title='bbox 1141 2979 1173 3043; x_wconf 90' lang='lat' dir='ltr'>in</span> <span class='ocrx_word' id='word_1_180' title='bbox 1203 2979 1299 3047; x_wconf 89' lang='lat' dir='ltr'>Milite</span> 
     </span>
     <span class='ocr_line' id='line_1_25' title="bbox 135 3064 1297 3168; baseline 0.026 -44"><span class='ocrx_word' id='word_1_181' title='bbox 135 3064 279 3142; x_wconf 71' lang='lat' dir='ltr'>gloriose,</span> <span class='ocrx_word' id='word_1_182' title='bbox 303 3065 531 3144; x_wconf 88' lang='lat' dir='ltr'>Menaechmis,</span> <span class='ocrx_word' id='word_1_183' title='bbox 552 3067 740 3147; x_wconf 88' lang='lat' dir='ltr'>Mercatore,</span> <span class='ocrx_word' id='word_1_184' title='bbox 762 3069 965 3154; x_wconf 87' lang='lat' dir='ltr'>Mostellaria,</span> <span class='ocrx_word' id='word_1_185' title='bbox 995 3079 1103 3160; x_wconf 90' lang='lat' dir='ltr'>Persa,</span> <span class='ocrx_word' id='word_1_186' title='bbox 1130 3084 1297 3168; x_wconf 76' lang='lat' dir='ltr'>Pseudultr,</span> 
     </span>
     <span class='ocr_line' id='line_1_26' title="bbox 134 3169 1299 3274; baseline 0.026 -44"><span class='ocrx_word' id='word_1_187' title='bbox 134 3169 334 3246; x_wconf 70' lang='lat' dir='ltr'>Trinummm</span> <span class='ocrx_word' id='word_1_188' title='bbox 366 3169 541 3255; x_wconf 85' lang='lat' dir='ltr'>Geppertus</span> <span class='ocrx_word' id='word_1_189' title='bbox 563 3173 593 3236; x_wconf 91' lang='lat' dir='ltr'>in</span> <span class='ocrx_word' id='word_1_190' title='bbox 614 3174 766 3254; x_wconf 88' lang='lat' dir='ltr'>Poenulo,</span> <span class='ocrx_word' id='word_1_191' title='bbox 788 3179 913 3261; x_wconf 86' lang='lat' dir='ltr'>Casina,</span> <span class='ocrx_word' id='word_1_192' title='bbox 932 3181 1069 3268; x_wconf 81' lang='lat' dir='ltr'>Epidico,</span> <span class='ocrx_word' id='word_1_193' title='bbox 1091 3187 1299 3274; x_wconf 86' lang='lat' dir='ltr'>Truculento;</span> 
     </span>
     <span class='ocr_line' id='line_1_27' title="bbox 134 3271 1298 3367; baseline 0.025 -29"><span class='ocrx_word' id='word_1_194' title='bbox 134 3275 311 3356; x_wconf 83' lang='lat' dir='ltr'>Wagnerus</span> <span class='ocrx_word' id='word_1_195' title='bbox 340 3276 371 3342; x_wconf 92' lang='lat' dir='ltr'>in</span> <span class='ocrx_word' id='word_1_196' title='bbox 399 3279 579 3354; x_wconf 81' lang='lat' dir='ltr'>Anlularia3</span> <span class='ocrx_word' id='word_1_197' title='bbox 609 3271 800 3348; x_wconf 86' lang='lat' dir='ltr'>Cistellariae</span> <span class='ocrx_word' id='word_1_198' title='bbox 831 3308 938 3354; x_wconf 86' lang='lat' dir='ltr'>versus</span> <span class='ocrx_word' id='word_1_199' title='bbox 962 3293 1095 3360; x_wconf 83' lang='lat' dir='ltr'>afferam</span> <span class='ocrx_word' id='word_1_200' title='bbox 1123 3302 1298 3367; x_wconf 85' lang='lat' dir='ltr'>secundum</span> 
     </span>
     <span class='ocr_line' id='line_1_28' title="bbox 132 3375 796 3454; baseline 0.015 -9"><span class='ocrx_word' id='word_1_201' title='bbox 132 3382 300 3448; x_wconf 90' lang='lat' dir='ltr'>editionem</span> <span class='ocrx_word' id='word_1_202' title='bbox 324 3385 482 3449; x_wconf 89' lang='lat' dir='ltr'>Gronovio</span> <span class='ocrx_word' id='word_1_203' title='bbox 506 3423 544 3430; x_wconf 86' lang='lat'>—</span> <span class='ocrx_word' id='word_1_204' title='bbox 565 3375 796 3454; x_wconf 82' lang='lat' dir='ltr'>Ernestianam</span> 
     </span>
    </p>
   </div>
   <div class='ocr_carea' id='block_1_8' title="bbox 214 3515 861 3600">
    <p class='ocr_par' dir='ltr' id='par_1_8' title="bbox 214 3515 861 3600">
     <span class='ocr_line' id='line_1_29' title="bbox 214 3515 861 3600; baseline 0.015 -22"><span class='ocrx_word' id='word_1_205' title='bbox 214 3515 277 3579; x_wconf 88' lang='lat' dir='ltr'>Sed</span> <span class='ocrx_word' id='word_1_206' title='bbox 301 3517 363 3580; x_wconf 84' lang='lat' dir='ltr'>iarn</span> <span class='ocrx_word' id='word_1_207' title='bbox 387 3518 429 3580; x_wconf 92' lang='lat' dir='ltr'>ad</span> <span class='ocrx_word' id='word_1_208' title='bbox 454 3538 518 3581; x_wconf 86' lang='lat' dir='ltr'>rem</span> <span class='ocrx_word' id='word_1_209' title='bbox 543 3517 642 3600; x_wconf 88' lang='lat' dir='ltr'>ipsam</span> <span class='ocrx_word' id='word_1_210' title='bbox 664 3522 861 3589; x_wconf 89' lang='lat' dir='ltr'>accedamus.</span> 
     </span>
    </p>
   </div>
   <div class='ocr_carea' id='block_1_9' title="bbox 0 0 1500 4522">
    <p class='ocr_par' dir='ltr' id='par_1_9' title="bbox 0 0 1500 4522">
     <span class='ocr_line' id='line_1_30' title="bbox 0 0 1500 4522; baseline 0 3"><span class='ocrx_word' id='word_1_211' title='bbox 0 0 1500 4522; x_wconf 95' lang='lat' dir='ltr'> </span> 
     </span>
    </p>
   </div>
  </div>
 </body>
</html>
