2990 4522
711 253 750 317 35

144 461 219 530 addi
240 459 342 524 soleat
368 458 549 534 enuntiato,
573 457 658 540 quod
685 457 905 538 subsequitur,
933 457 965 518 in
997 455 1057 520 boc
1086 474 1216 537 genere,
1247 474 1311 538 quo

146 570 227 636 actio
249 566 409 632 sententia
430 565 580 648 primaria
601 583 745 646 expressa
760 565 880 646 spectet
894 562 943 626 vel
957 563 1121 644 pertineat,
1136 561 1312 638 enuntiatio

149 676 349 743 subsecutiva
371 673 512 738 denotet.
553 671 588 735 ln
609 671 670 734 boc
699 671 791 750 igitur
816 669 991 735 enuntiatio
1013 669 1180 736 subiuncta
1201 668 1313 734 obiecti

151 786 213 848 sive
233 781 387 866 propioris
409 781 474 844 sive
490 779 674 855 remotioris,
698 777 784 859 quod
800 777 918 854 dicunt,
941 795 1071 842 munere
1086 775 1150 840 fere
1164 775 1311 857 iungitur.

149 890 252 968 Quam
274 907 343 952 rem
365 888 447 952 inira
469 886 610 948 disertius
631 883 843 966 expediemus

228 995 398 1062 Praeterea
419 1011 472 1055 eos
490 991 583 1068 locos,
605 992 658 1054 ubi
680 990 792 1054 veteris
814 989 1056 1054 coordinationis
1077 987 1200 1069 (Graeci
1214 1008 1312 1071 quam

148 1103 325 1184 paratarum
346 1095 474 1178 vocant)
497 1097 645 1180 reliquiae
666 1098 742 1160 satis
757 1097 931 1160 luculenter
945 1087 1109 1179 apparent,
1133 1099 1313 1178 segregatos

154 1209 213 1272 sub
235 1207 334 1272 littera
357 1204 391 1287 a)
413 1206 578 1287 anteposui
600 1205 734 1286 reliquie,
755 1204 810 1286 qui
829 1204 889 1267 sub
908 1201 943 1284 β)
965 1204 1209 1286 subsequuntur.

232 1315 313 1379 Sane
334 1315 443 1396 negari
465 1313 576 1394 nequit
596 1312 791 1394 singulorum
813 1330 966 1392 generum
987 1311 1066 1373 fines
1086 1314 1182 1390 atque
1201 1308 1313 1372 limites

151 1443 213 1487 non
234 1422 371 1506 potuisse
393 1422 468 1484 satis
489 1423 637 1482 accurate
660 1419 806 1482 constitui
830 1421 860 1482 et
882 1419 972 1500 quasi
987 1415 1205 1494 circumscribi,
1229 1434 1311 1493 cum,

149 1565 188 1574 -
211 1530 243 1594 id
266 1528 437 1612 quodiam
462 1528 556 1590 antea
580 1527 734 1590 monitum
756 1529 819 1602 est,
848 1559 887 1569 —
917 1525 1082 1588 firmarum
1110 1524 1216 1603 legum
1238 1522 1313 1585 satis

146 1635 298 1700 immunis
312 1635 350 1698 sit
370 1654 473 1698 sermo
485 1633 632 1714 vulgaris
652 1633 722 1697 ideo
737 1632 843 1697 omnia
856 1632 948 1695 nimis
962 1650 1044 1712 vaga
1057 1631 1120 1693 sint
1133 1631 1313 1693 transeant·

150 1764 213 1824 que
235 1742 318 1804 inter
340 1761 383 1803 se.

712 2135 749 2200 t.

194 2321 323 2395 Quin
351 2325 456 2400 post
482 2322 737 2400 simplicem
752 2323 1049 2399 negationem
1076 2322 1270 2404 (rectius

155 2454 537 2536 repudiationem)
562 2475 669 2520 oum
689 2459 977 2520 coniunctivo
1001 2459 1048 2519 in
1068 2461 1313 2522 enuntiatis

483 2597 737 2658 subiunctis
766 2597 980 2674 positum.

228 2823 391 2889 Latissime
418 2829 505 2906 patet
534 2825 584 2889 hic
606 2846 681 2890 usus
702 2827 788 2908 apud
810 2827 977 2904 Plautum;
1006 2849 1116 2894 verum
1146 2849 1203 2912 per
1232 2831 1312 2894 tem·

146 2949 260 3012 porum
284 2931 523 3000 continuitatem
551 2934 689 2996 maxime
718 2934 964 2998 imminuebatur
985 2939 1079 3017 atque
1101 2935 1311 3000 decrescebat.

145 3034 256 3119 Itaque
286 3036 430 3117 classica,
459 3059 542 3122 quae
573 3041 701 3118 dicitur,
731 3045 836 3106 aetate
858 3041 1029 3106 locutiones
1048 3062 1131 3124 quae
1153 3045 1228 3106 sunt
1248 3063 1312 3106 aon

147 3192 154 3205 .
178 3192 185 3206 .
210 3192 216 3206 .
239 3193 246 3206 .
269 3145 346 3226 quin
368 3145 491 3228 (nicht
514 3195 521 3209 .
546 3195 553 3208 .
579 3197 585 3210 .
608 3148 662 3211 als
684 3147 730 3212 ob
750 3147 874 3228 nieht)
894 3169 998 3227 neruo,
1028 3150 1138 3212 nullus
1158 3156 1205 3214 est
1224 3150 1310 3230 qaia,

144 3271 318 3331 irrrmquom
340 3301 346 3314 .
371 3301 377 3315 .
403 3301 409 3315 .
434 3303 440 3316 .
463 3255 538 3336 quia
569 3256 633 3318 fere
654 3255 739 3320 solae
760 3260 944 3338 supersunt,
976 3276 1057 3338 quas
1078 3257 1141 3321 huc
1163 3259 1288 3322 referas.

227 3383 317 3448 Aliae
350 3386 434 3452 enim
460 3389 653 3464 structurae,
691 3388 778 3452 velut
811 3389 866 3467 qui
897 3408 978 3465 riou,
1009 3405 1089 3467 qzrce
1124 3409 1199 3467 riou,
1228 3387 1312 3468 qaod

143 3511 220 3567 nora,
253 3498 288 3554 ut
318 3512 380 3556 noo
409 3497 485 3567 etc,
518 3499 750 3570 successerunt,
788 3515 870 3576 quae
905 3497 963 3560 etsi
993 3495 1092 3558 simile
1121 3495 1214 3577 quid,
1245 3514 1310 3560 non

143 3602 254 3662 tamen
283 3619 409 3680 prorsus
431 3602 514 3664 idem
543 3602 732 3684 exprimunt.
791 3601 917 3684 Optime
951 3605 1073 3679 autem,
1111 3603 1198 3684 quod
1230 3602 1312 3666 inter

144 3709 315 3787 utramque
337 3707 488 3790 loquendi
510 3710 665 3772 rationem
681 3708 846 3774 intercedit
861 3709 1036 3784 discrimen,
1059 3708 1099 3772 ad
1115 3708 1310 3774 differentiae

142 3812 327 3878 iudiciorum
350 3815 579 3898 analyticorum
601 3820 633 3880 et
653 3816 912 3900 syntheticorum,
935 3833 1017 3898 quae
1035 3814 1169 3880 Kantius
1190 3819 1308 3895 statuit,

142 3919 380 3989 similitudinem
414 3923 520 3986 referri
549 3924 681 3990 ridetur.
732 3925 815 3989 Nam
844 3924 1008 3990 enuntiato
1038 3925 1165 4005 aquia
1195 3922 1307 4022 rocula

1115 4030 1157 4088 3⁸
