2990 4522
757 249 797 312 36

192 471 263 517 orso
284 453 418 536 aliquid,
448 451 533 534 quod
555 451 623 533 ipsa
643 451 798 514 sententia
819 471 1001 532 praegressa
1024 452 1202 516 continetur
1222 452 1272 516 vel
1292 453 1357 517 im-

193 557 295 642 plicite
330 560 363 622 in
392 577 430 622 ca
456 557 550 634 latet,
582 557 754 639 explicatur
781 557 879 621 fusius
913 559 961 622 vel
989 561 1167 642 expeditur,
1204 559 1269 624 aliis
1296 559 1357 624 illis

192 663 474 730 constructionibus
484 663 602 746 aliquid
618 663 759 740 affertur,
781 665 868 746 quod
882 665 982 729 multo
996 665 1095 730 laxius
1109 685 1183 730 cum
1197 669 1359 732 sententia

58 845 62 856 .
192 771 341 853 primaria
361 770 515 835 cohaeret.
559 767 679 852 [Atque
698 770 758 834 hac
775 771 806 833 in
828 791 862 835 re
884 773 970 854 quod
992 773 1120 837 fortasse
1137 765 1250 855 longus
1271 794 1358 855 sum,

191 883 319 962 propter
336 877 381 941 rei
403 878 590 959 gravitatem
612 877 892 961 difficultatemque
914 879 1064 960 ignoscas
1086 879 1229 962 quaeso]

274 1009 387 1072 Postea
408 1006 511 1088 igitur,
533 1007 564 1071 id
586 1008 672 1090 quod
693 1007 760 1072 fieri
774 1010 862 1087 solet,
883 1011 990 1091 lingua
1003 1012 1127 1075 nativas
1142 1013 1356 1078 distinctiones

193 1115 288 1180 oblita
323 1113 511 1197 plerumque
555 1115 625 1179 illae
669 1119 847 1182 structurae
884 1117 1058 1200 promiscue
1095 1119 1126 1181 in
1157 1141 1250 1184 usum
1281 1126 1358 1186 sunt

141 1243 143 1258 ·
196 1224 335 1286 vocatae.
379 1221 606 1285 Animadverte
634 1225 742 1286 autem
774 1243 799 1286 e.
822 1243 867 1304 gr.
891 1225 976 1288 hunc
1005 1224 1109 1288 locum
1131 1215 1358 1292 Lucretianum

193 1327 240 1409 (ll,
261 1327 340 1391 1026
361 1323 460 1410 sqq.):
489 1327 552 1393 Seri
580 1350 678 1409 ireque
707 1337 770 1393 tarn
788 1329 906 1410 fucitis
935 1349 987 1394 res
1010 1331 1079 1394 ulla
1102 1337 1166 1409 est,
1195 1333 1285 1410 quia
1314 1357 1355 1398 ea

192 1436 332 1515 primum
356 1433 502 1516 difficilia
525 1437 628 1518 mapis
651 1435 694 1498 uri
707 1433 892 1500 credendum
915 1441 1031 1500 constet
1052 1438 1185 1516 itemque
1203 1435 1252 1499 uu
1274 1437 1354 1502 acteo

186 1562 340 1625 mapuum
363 1562 460 1622 neque
482 1547 547 1604 tum
575 1541 724 1604 mirabile
752 1540 931 1623 quicquam,
962 1541 1061 1619 quod
1089 1562 1161 1604 nou
1178 1541 1353 1622 paullatim

193 1651 322 1714 mittant
342 1647 493 1712 mirarier
515 1667 628 1711 omues.

222 1865 224 1870 Ι
275 1779 416 1844 Haecin
438 1777 628 1842 universam.

217 1890 219 1894 ’
274 1885 505 1968 Aggrediarnur
524 1883 588 1948 iam
610 1883 652 1947 ad
673 1884 740 1964 ipsa
762 1883 906 1966 exempla
927 1883 1158 1965 perlustranda.

277 1992 311 2074 a)
332 1992 417 2056 Pers
441 1991 502 2054 270
523 2011 588 2072 sq.:
612 1989 670 2052 Nil
691 1991 757 2052 iam
778 1989 857 2053 miti
882 1992 955 2053 noui
976 1990 1085 2072 offerri
1103 1997 1178 2069 pote
1199 1991 1276 2070 quia
1296 1990 1359 2055 sim

186 2100 324 2182 peritus.
382 2097 443 2174 Qui
484 2097 571 2160 locus
600 2096 644 2158 sic
678 2095 909 2160 convertendus
947 2097 1022 2159 mihi
1056 2096 1198 2160 videtur:
1246 2095 1359 2160 Nichts

192 2206 296 2270 Neues
316 2204 423 2268 —das
443 2203 494 2267 ich
516 2203 603 2266 nicht
620 2201 719 2266 sehon
730 2203 849 2266 kttnnte
865 2238 905 2246 -
920 2203 1007 2267 kann
1029 2203 1088 2267 mir
1109 2203 1200 2266 mehr
1221 2203 1356 2284 gaboten

193 2312 331 2378 werden.
372 2310 568 2374 Sententiam
590 2309 824 2373 subsecutivam
845 2309 895 2372 hic
916 2309 994 2372 nihil
1015 2309 1073 2372 nisi
1095 2311 1183 2387 rioci,
1217 2307 1302 2390 quod
1323 2309 1358 2371 in

195 2421 262 2502 ipsa
296 2416 513 2483 enuntiatione
547 2416 697 2497 primaria
730 2416 826 2493 inest,
864 2415 1019 2497 explicare
1054 2416 1123 2497 quis
1155 2433 1222 2480 non
1249 2414 1359 2478 videt?

194 2527 327 2591 Prorsus
352 2524 447 2588 aliam
475 2524 540 2586 vim
568 2521 699 2586 haberet
729 2521 930 2584 enuntiatum
959 2528 994 2584 ut
1023 2542 1084 2584 rou
1113 2523 1162 2585 vel
1190 2522 1274 2602 quod
1295 2541 1360 2585 rien

195 2631 404 2697 locutionibus
425 2630 594 2712 inceptum.

275 2737 365 2802 Cure.
386 2737 447 2800 208
459 2757 522 2818 sq.:
545 2736 597 2799 Itu
610 2755 657 2798 mc
679 2732 782 2796 Venus
797 2738 886 2810 amet,
904 2739 939 2795 ut
953 2753 1006 2814 epo
1023 2739 1050 2796 tc
1067 2753 1236 2813 uuruquum
1253 2733 1362 2796 sinum

196 2845 230 2909 iu
254 2845 344 2908 domo
368 2843 553 2920 esuriatur,
586 2843 663 2921 quin
694 2846 722 2902 tc
754 2837 915 2902 liberalem
945 2839 1088 2902 liberem:
1119 2837 1198 2901 Dich
1220 2839 1304 2902 noch
1325 2839 1362 2901 in

197 2951 315 3015 diesem
343 2949 451 3014 Hause
479 2947 603 3012 bleiben
631 2947 734 3010 lesscn
772 2979 811 2990 —
847 2963 882 3008 so
910 2945 982 3008 dass
1010 2945 1060 3008 ich
1089 2944 1162 3008 dich
1189 2943 1276 3008 nicht
1303 2943 1363 3008 lrei

198 3056 334 3122 machen
354 3055 443 3118 sollte
465 3089 505 3099 -
526 3054 583 3118 das
604 3052 709 3116 werde
728 3051 780 3116 ich
801 3052 859 3115 auf
875 3051 989 3114 keinen
1010 3049 1076 3113 Fall
1097 3047 1187 3114 thuri.

278 3161 374 3226 Stich.
402 3161 478 3224 756:
506 3160 686 3240 Numquam
713 3157 821 3238 edepol
851 3158 921 3222 med
948 3159 1027 3221 istoc
1055 3157 1174 3235 uiuere,
1193 3145 1280 3237 'quim
1303 3177 1362 3238 epo

199 3269 314 3336 ibidem
330 3269 489 3350 proriam.
519 3267 591 3330 ibid.
616 3267 674 3328 185
696 3285 771 3348 sqq:
809 3263 888 3328 Verri
907 3263 962 3326 illo
985 3263 1028 3326 uri
1049 3284 1172 3328 acuum:
1202 3265 1361 3347 sic‘sace:

195 3379 345 3458 promitte
366 3395 455 3438 vcro:
481 3423 487 3438 .
513 3425 519 3436 .
543 3423 548 3436 .
572 3373 650 3452 coto,
674 3373 803 3452 imprium
816 3371 914 3452 sieri:
935 3391 997 3434 rou
1021 3375 1173 3451 amittam,
1196 3374 1272 3452 quin.
1295 3393 1362 3437 cas.

281 3483 343 3547 Mil.
370 3483 447 3565 glor.
480 3481 575 3545 naa:
604 3481 708 3561 Atque
739 3479 792 3543 uhi
822 3480 879 3543 illo
908 3480 1046 3556 veneris,
1074 3480 1211 3544 triduom
1239 3482 1362 3544 seruire

205 3608 374 3671 numquam
396 3595 426 3654 te
447 3588 551 3654 sirum
572 3589 647 3669 quin
671 3585 749 3652 liber
767 3588 814 3651 sis
837 3587 887 3668 (cf.
908 3587 1014 3670 paullo
1035 3584 1136 3666 antei)

282 3697 397 3760 Pseud.
420 3696 481 3759 853
494 3715 554 3778 sq.:
579 3697 632 3758 Au
654 3703 688 3759 tu
710 3696 901 3774 aequitatum
924 3703 952 3758 tc
975 3697 1022 3758 ire
1039 3711 1193 3773 quoquam
1202 3693 1361 3773 postulae,

203 3807 279 3884 quia
301 3803 347 3867 iti
369 3804 549 3868 constrictis
571 3802 701 3884 uuputis
723 3821 849 3865 coenam
878 3803 1018 3881 coquas?
1047 3797 1135 3864 Haec
1160 3800 1363 3880 interrogatio

202 3909 351 3990 negativo
372 3913 419 3972 est
440 3927 542 3973 sensu.
599 3953 603 3959 -
